{"amount": 0.00521514, "date": 1662290190, "price": 102507.49265976, "tid": 14166683, "type": "sell"}
{"amount": 0.00202726, "date": 1662290190, "price": 102599.96998, "tid": 14166684, "type": "buy"}
{"amount": 0.00138404, "date": 1662290190, "price": 102599.96998999, "tid": 14166685, "type": "buy"}
{"amount": 1e-05, "date": 1662290315, "price": 102500, "tid": 14166686, "type": "sell"}
{"amount": 1e-05, "date": 1662290315, "price": 102500, "tid": 14166687, "type": "sell"}
{"amount": 1e-05, "date": 1662290315, "price": 102499.99, "tid": 14166688, "type": "sell"}
{"amount": 1e-05, "date": 1662290315, "price": 102499.99, "tid": 14166689, "type": "sell"}
{"amount": 1e-05, "date": 1662290315, "price": 102400, "tid": 14166690, "type": "sell"}
{"amount": 1e-05, "date": 1662290315, "price": 102400, "tid": 14166691, "type": "sell"}
{"amount": 1e-05, "date": 1662290315, "price": 102399.99, "tid": 14166692, "type": "sell"}
{"amount": 0.0001, "date": 1662290315, "price": 102399.99, "tid": 14166693, "type": "sell"}
{"amount": 0.012, "date": 1662290315, "price": 102313.47902467, "tid": 14166694, "type": "sell"}
{"amount": 0.01478, "date": 1662290315, "price": 102313.47902466, "tid": 14166695, "type": "sell"}
{"amount": 0.01338945, "date": 1662290315, "price": 102313.29738978, "tid": 14166696, "type": "sell"}
{"amount": 3.765e-05, "date": 1662290325, "price": 102514.25465492, "tid": 14166697, "type": "buy"}
{"amount": 0.00195167, "date": 1662290369, "price": 102476, "tid": 14166698, "type": "buy"}
{"amount": 0.04327001, "date": 1662290448, "price": 102487, "tid": 14166699, "type": "buy"}
{"amount": 9.678e-05, "date": 1662290541, "price": 102373.752, "tid": 14166700, "type": "sell"}
{"amount": 8.778e-05, "date": 1662290650, "price": 102525.73981766, "tid": 14166701, "type": "buy"}
{"amount": 4.727e-05, "date": 1662290724, "price": 102394.22786314, "tid": 14166702, "type": "sell"}
{"amount": 0.00020189, "date": 1662290750, "price": 102418.00879094, "tid": 14166703, "type": "sell"}
{"amount": 0.00048736, "date": 1662290835, "price": 102593.05991578, "tid": 14166704, "type": "buy"}
{"amount": 0.00029107, "date": 1662290907, "price": 102583.47363026, "tid": 14166705, "type": "buy"}
{"amount": 0.00097463, "date": 1662291070, "price": 102602.99999999, "tid": 14166706, "type": "buy"}
{"amount": 0.00014853, "date": 1662291102, "price": 102602.99999999, "tid": 14166707, "type": "buy"}
{"amount": 0.00194926, "date": 1662291140, "price": 102602.99999999, "tid": 14166708, "type": "buy"}
{"amount": 0.00575148, "date": 1662291174, "price": 102602.99999999, "tid": 14166709, "type": "buy"}
{"amount": 0.00745742, "date": 1662291190, "price": 102540.01, "tid": 14166710, "type": "sell"}
{"amount": 0.00048278, "date": 1662291247, "price": 102354.68157178, "tid": 14166711, "type": "sell"}
{"amount": 0.00222975, "date": 1662291308, "price": 102602.99999999, "tid": 14166712, "type": "buy"}
{"amount": 0.00034635, "date": 1662291394, "price": 102602.99999999, "tid": 14166713, "type": "buy"}
{"amount": 0.00173752, "date": 1662291394, "price": 102630, "tid": 14166714, "type": "buy"}
{"amount": 7.793e-05, "date": 1662291456, "price": 102649.99999999, "tid": 14166715, "type": "buy"}
{"amount": 0.00040511, "date": 1662291494, "price": 102637.09836543, "tid": 14166716, "type": "buy"}
{"amount": 4.179e-05, "date": 1662291509, "price": 102649.99999999, "tid": 14166717, "type": "buy"}
{"amount": 0.00243552, "date": 1662291517, "price": 102649.99999999, "tid": 14166718, "type": "buy"}
{"amount": 0.00012269, "date": 1662291526, "price": 102649.99999999, "tid": 14166719, "type": "buy"}
{"amount": 0.00474823, "date": 1662291526, "price": 102650, "tid": 14166720, "type": "buy"}
{"amount": 0.00567, "date": 1662291644, "price": 102757.42269064, "tid": 14166721, "type": "buy"}
{"amount": 0.01476631, "date": 1662291644, "price": 102758.59756082, "tid": 14166722, "type": "buy"}
{"amount": 0.00097315, "date": 1662291851, "price": 102758.25396206, "tid": 14166723, "type": "buy"}
{"amount": 0.00057154, "date": 1662292012, "price": 102673.14963136, "tid": 14166724, "type": "sell"}
{"amount": 0.00014811, "date": 1662292179, "price": 102761, "tid": 14166725, "type": "buy"}
{"amount": 0.00013021, "date": 1662292323, "price": 102756, "tid": 14166726, "type": "buy"}
{"amount": 0.0120157, "date": 1662292350, "price": 102813.76818779, "tid": 14166727, "type": "buy"}
{"amount": 0.01075895, "date": 1662292388, "price": 102758.72299197, "tid": 14166728, "type": "buy"}
{"amount": 0.00097312, "date": 1662292391, "price": 102762.01360347, "tid": 14166729, "type": "buy"}
{"amount": 0.00201533, "date": 1662292394, "price": 102757.9113078, "tid": 14166730, "type": "buy"}
{"amount": 0.00057215, "date": 1662292397, "price": 102770.11094525, "tid": 14166731, "type": "buy"}
{"amount": 0.0069, "date": 1662292453, "price": 102520.44386241, "tid": 14166732, "type": "sell"}
{"amount": 0.0065, "date": 1662292453, "price": 102520.4438624, "tid": 14166733, "type": "sell"}
{"amount": 0.0066, "date": 1662292453, "price": 102519.09765, "tid": 14166734, "type": "sell"}
{"amount": 0.0035, "date": 1662292812, "price": 103000, "tid": 14166735, "type": "buy"}
{"amount": 0.00025, "date": 1662292823, "price": 103100, "tid": 14166736, "type": "buy"}
{"amount": 0.00576001, "date": 1662292823, "price": 103135.97138249, "tid": 14166737, "type": "buy"}
{"amount": 0.00601, "date": 1662292838, "price": 103285.91659555, "tid": 14166738, "type": "buy"}
{"amount": 0.00096812, "date": 1662292893, "price": 103292.47903999, "tid": 14166739, "type": "buy"}
{"amount": 0.00205948, "date": 1662293037, "price": 103292.47904, "tid": 14166740, "type": "buy"}
{"amount": 9.4e-05, "date": 1662293037, "price": 103300, "tid": 14166741, "type": "buy"}
{"amount": 0.00026656, "date": 1662293037, "price": 103393.12017382, "tid": 14166742, "type": "buy"}
{"amount": 3.188e-05, "date": 1662293075, "price": 103149.72350304, "tid": 14166743, "type": "sell"}
{"amount": 0.00048418, "date": 1662293130, "price": 103267.26466072, "tid": 14166744, "type": "buy"}
{"amount": 0.00193681, "date": 1662293136, "price": 103262.32874347, "tid": 14166745, "type": "buy"}
{"amount": 5.763e-05, "date": 1662293146, "price": 103227.2956571, "tid": 14166746, "type": "buy"}
{"amount": 0.00078369, "date": 1662293175, "price": 103030.83673848, "tid": 14166747, "type": "sell"}
{"amount": 0.00485151, "date": 1662293235, "price": 103060.56179313, "tid": 14166748, "type": "buy"}
{"amount": 9.702e-05, "date": 1662293248, "price": 103064.55803626, "tid": 14166749, "type": "buy"}
{"amount": 0.00096943, "date": 1662293269, "price": 103152.58461123, "tid": 14166750, "type": "buy"}
{"amount": 0.00098646, "date": 1662293490, "price": 102992.306, "tid": 14166751, "type": "sell"}
{"amount": 0.45853875, "date": 1662293544, "price": 102992.306, "tid": 14166752, "type": "sell"}
{"amount": 0.00017577, "date": 1662293588, "price": 102969.62595856, "tid": 14166753, "type": "buy"}
{"amount": 0.0017, "date": 1662293634, "price": 102723.82988, "tid": 14166754, "type": "sell"}
{"amount": 0.00565, "date": 1662293652, "price": 102902.96699023, "tid": 14166755, "type": "buy"}
{"amount": 0.00669344, "date": 1662293652, "price": 102904.1613, "tid": 14166756, "type": "buy"}
{"amount": 0.00184458, "date": 1662293652, "price": 102904.16130533, "tid": 14166757, "type": "buy"}
{"amount": 0.00097216, "date": 1662293795, "price": 102863.44286, "tid": 14166758, "type": "buy"}
{"amount": 2.833e-05, "date": 1662293988, "price": 102638.74616622, "tid": 14166759, "type": "sell"}
{"amount": 0.00559, "date": 1662294366, "price": 103235.02294274, "tid": 14166760, "type": "buy"}
{"amount": 0.00571, "date": 1662294366, "price": 103236.43668694, "tid": 14166761, "type": "buy"}
{"amount": 0.00169915, "date": 1662294366, "price": 103237.70661, "tid": 14166762, "type": "buy"}
{"amount": 0.0112168, "date": 1662294366, "price": 103239.72546037, "tid": 14166763, "type": "buy"}
{"amount": 0.00443, "date": 1662294399, "price": 103191.04529084, "tid": 14166764, "type": "buy"}
{"amount": 0.00021789, "date": 1662294460, "price": 103007.52861898, "tid": 14166765, "type": "sell"}
{"amount": 0.00072699, "date": 1662294511, "price": 103171.82023, "tid": 14166766, "type": "buy"}
{"amount": 0.00024225, "date": 1662294511, "price": 103177.37906966, "tid": 14166767, "type": "buy"}
{"amount": 0.0085817, "date": 1662294520, "price": 102803.40061, "tid": 14166768, "type": "sell"}
{"amount": 0.00042654, "date": 1662294546, "price": 103155.61260283, "tid": 14166769, "type": "buy"}
{"amount": 0.15030594, "date": 1662294641, "price": 103123, "tid": 14166770, "type": "buy"}
{"amount": 3.888e-05, "date": 1662294656, "price": 102918.11831, "tid": 14166771, "type": "sell"}
{"amount": 8.25e-05, "date": 1662294835, "price": 103144.60735, "tid": 14166772, "type": "buy"}
{"amount": 0.00029095, "date": 1662294863, "price": 103109.41075652, "tid": 14166773, "type": "buy"}
{"amount": 0.00514022, "date": 1662294901, "price": 103108.33094, "tid": 14166774, "type": "buy"}
{"amount": 0.00018878, "date": 1662294908, "price": 102960.31560539, "tid": 14166775, "type": "sell"}
{"amount": 6.067e-05, "date": 1662294915, "price": 102965.36061, "tid": 14166776, "type": "sell"}
{"amount": 4.844e-05, "date": 1662294972, "price": 102816.13757348, "tid": 14166777, "type": "sell"}
{"amount": 0.001, "date": 1662295066, "price": 103154.26600204, "tid": 14166778, "type": "buy"}
{"amount": 0.0038471, "date": 1662295066, "price": 103154.26600205, "tid": 14166779, "type": "buy"}
{"amount": 0.00096942, "date": 1662295182, "price": 103154.26597999, "tid": 14166780, "type": "buy"}
{"amount": 0.0009692, "date": 1662295210, "price": 103177.66746, "tid": 14166781, "type": "buy"}
{"amount": 0.00033914, "date": 1662295243, "price": 103199.94943, "tid": 14166782, "type": "buy"}
{"amount": 0.0001881, "date": 1662295278, "price": 103070.3703578, "tid": 14166783, "type": "sell"}
{"amount": 9.88e-06, "date": 1662295304, "price": 103198.35, "tid": 14166784, "type": "sell"}
{"amount": 0.00969049, "date": 1662295358, "price": 103193.87521673, "tid": 14166785, "type": "buy"}
{"amount": 0.01375, "date": 1662295382, "price": 102870.28588126, "tid": 14166786, "type": "sell"}
{"amount": 0.0069, "date": 1662295382, "price": 102868.67879001, "tid": 14166787, "type": "sell"}
{"amount": 0.02350902, "date": 1662295382, "price": 102868.67879, "tid": 14166788, "type": "sell"}
{"amount": 0.00193827, "date": 1662295427, "price": 103184.32505999, "tid": 14166789, "type": "buy"}
{"amount": 0.00044671, "date": 1662295510, "price": 103198.32989, "tid": 14166790, "type": "buy"}
{"amount": 0.0002805, "date": 1662295510, "price": 103198.33, "tid": 14166791, "type": "buy"}
{"amount": 0.00121125, "date": 1662295561, "price": 103198.32987999, "tid": 14166792, "type": "buy"}
{"amount": 0.01339, "date": 1662295581, "price": 103029.58012994, "tid": 14166793, "type": "sell"}
{"amount": 0.00698, "date": 1662295581, "price": 103029.19348606, "tid": 14166794, "type": "sell"}
{"amount": 0.01667357, "date": 1662295581, "price": 103027.9893, "tid": 14166795, "type": "sell"}
{"amount": 0.00037809, "date": 1662295600, "price": 102853.20574944, "tid": 14166796, "type": "sell"}
{"amount": 0.00072213, "date": 1662295619, "price": 102871.92071074, "tid": 14166797, "type": "sell"}
{"amount": 2.485e-05, "date": 1662295923, "price": 102871.60668, "tid": 14166798, "type": "sell"}
{"amount": 9.69e-06, "date": 1662296009, "price": 103181.97712002, "tid": 14166799, "type": "buy"}
{"amount": 0.00082877, "date": 1662296171, "price": 103084.02248138, "tid": 14166800, "type": "sell"}
{"amount": 0.00096916, "date": 1662296233, "price": 103181.97712002, "tid": 14166801, "type": "buy"}
{"amount": 0.00033625, "date": 1662296271, "price": 102946.21958, "tid": 14166802, "type": "sell"}
{"amount": 3.488e-05, "date": 1662296332, "price": 103181.97712002, "tid": 14166803, "type": "buy"}
{"amount": 0.00138627, "date": 1662296338, "price": 103181.97712002, "tid": 14166804, "type": "buy"}
{"amount": 0.0007195, "date": 1662296338, "price": 103198.33, "tid": 14166805, "type": "buy"}
{"amount": 0.00579, "date": 1662296338, "price": 103236.79806471, "tid": 14166806, "type": "buy"}
{"amount": 0.01147718, "date": 1662296338, "price": 103245.63897131, "tid": 14166807, "type": "buy"}
{"amount": 6.588e-05, "date": 1662296417, "price": 103073.25614056, "tid": 14166808, "type": "sell"}
{"amount": 0.00019371, "date": 1662296466, "price": 103245.6389713, "tid": 14166809, "type": "buy"}
{"amount": 0.00190629, "date": 1662296523, "price": 103245.6389713, "tid": 14166810, "type": "buy"}
{"amount": 0.00777638, "date": 1662296523, "price": 103285, "tid": 14166811, "type": "buy"}
{"amount": 0.00040589, "date": 1662296536, "price": 103156.2075, "tid": 14166812, "type": "sell"}
{"amount": 3.495e-05, "date": 1662296588, "price": 103187.214626, "tid": 14166813, "type": "sell"}
{"amount": 0.0004026, "date": 1662296602, "price": 103274.31368582, "tid": 14166814, "type": "buy"}
{"amount": 0.00048426, "date": 1662296624, "price": 103255.15745191, "tid": 14166815, "type": "buy"}
{"amount": 9.78e-06, "date": 1662296788, "price": 103261.53540847, "tid": 14166816, "type": "buy"}
{"amount": 1.93e-05, "date": 1662296841, "price": 103100.36000001, "tid": 14166817, "type": "sell"}
{"amount": 0.0002, "date": 1662296887, "price": 103100.35, "tid": 14166818, "type": "sell"}
{"amount": 0.00205812, "date": 1662296887, "price": 103084.19740311, "tid": 14166819, "type": "sell"}
{"amount": 0.00022306, "date": 1662296908, "price": 103086.88129603, "tid": 14166820, "type": "sell"}
{"amount": 0.00047286, "date": 1662296965, "price": 102958.308758, "tid": 14166821, "type": "sell"}
{"amount": 0.00484652, "date": 1662297076, "price": 103166.60225968, "tid": 14166822, "type": "buy"}
{"amount": 0.00011475, "date": 1662297091, "price": 103174.13170337, "tid": 14166823, "type": "buy"}
{"amount": 0.00094711, "date": 1662297190, "price": 102982.54892, "tid": 14166824, "type": "sell"}
{"amount": 0.00046851, "date": 1662297191, "price": 103178, "tid": 14166825, "type": "buy"}
{"amount": 0.00094711, "date": 1662297216, "price": 103002.66139784, "tid": 14166826, "type": "sell"}
{"amount": 3.92e-05, "date": 1662297222, "price": 103008.75458, "tid": 14166827, "type": "sell"}
{"amount": 0.03263591, "date": 1662297229, "price": 103210.909168, "tid": 14166828, "type": "buy"}
{"amount": 0.00014539, "date": 1662297411, "price": 103167.12609466, "tid": 14166829, "type": "buy"}
{"amount": 0.00048517, "date": 1662297597, "price": 103054.8038884, "tid": 14166830, "type": "buy"}
{"amount": 0.0008, "date": 1662297936, "price": 102887.90231741, "tid": 14166831, "type": "sell"}
{"amount": 0.00033378, "date": 1662298005, "price": 102970.63429055, "tid": 14166832, "type": "buy"}
{"amount": 0.00054526, "date": 1662298202, "price": 102871.60000001, "tid": 14166833, "type": "sell"}
{"amount": 0.00048557, "date": 1662298261, "price": 102971.677475, "tid": 14166834, "type": "buy"}
{"amount": 3.063e-05, "date": 1662298449, "price": 102871.6, "tid": 14166835, "type": "sell"}
{"amount": 0.00097159, "date": 1662298489, "price": 102923.98632579, "tid": 14166836, "type": "buy"}
{"amount": 0.00096937, "date": 1662298610, "price": 102871.6, "tid": 14166837, "type": "sell"}
{"amount": 0.00044963, "date": 1662298620, "price": 102783.7455, "tid": 14166838, "type": "sell"}
{"amount": 1e-05, "date": 1662298643, "price": 102860, "tid": 14166839, "type": "buy"}
{"amount": 0.0014, "date": 1662298643, "price": 102865.71036805, "tid": 14166840, "type": "buy"}
{"amount": 0.00150642, "date": 1662298643, "price": 102865.71036806, "tid": 14166841, "type": "buy"}
{"amount": 0.0076, "date": 1662298850, "price": 102754.00000001, "tid": 14166842, "type": "sell"}
{"amount": 0.0007151, "date": 1662298850, "price": 102754, "tid": 14166843, "type": "sell"}
{"amount": 0.03175521, "date": 1662298850, "price": 102672.35033, "tid": 14166844, "type": "sell"}
{"amount": 0.0112, "date": 1662298870, "price": 102687.79042309, "tid": 14166845, "type": "sell"}
{"amount": 0.00288858, "date": 1662298870, "price": 102687.79042308, "tid": 14166846, "type": "sell"}
{"amount": 9.72e-06, "date": 1662298928, "price": 102817.88771076, "tid": 14166847, "type": "buy"}
{"amount": 0.00167298, "date": 1662298934, "price": 102653.91190846, "tid": 14166848, "type": "sell"}
{"amount": 0.01437876, "date": 1662298964, "price": 102796, "tid": 14166849, "type": "buy"}
{"amount": 0.0035, "date": 1662299025, "price": 102658.77269785, "tid": 14166850, "type": "sell"}
{"amount": 0.00667, "date": 1662299025, "price": 102658.77269784, "tid": 14166851, "type": "sell"}
{"amount": 0.00410811, "date": 1662299025, "price": 102657.07939, "tid": 14166852, "type": "sell"}
{"amount": 0.03487972, "date": 1662299034, "price": 102667.48384, "tid": 14166853, "type": "sell"}
{"amount": 0.00653, "date": 1662299034, "price": 102667.48383104, "tid": 14166854, "type": "sell"}
{"amount": 0.0036, "date": 1662299034, "price": 102667.48383104, "tid": 14166855, "type": "sell"}
{"amount": 0.01277, "date": 1662299034, "price": 102665.96987786, "tid": 14166856, "type": "sell"}
{"amount": 0.02302238, "date": 1662299034, "price": 102664.74245, "tid": 14166857, "type": "sell"}
{"amount": 0.02472181, "date": 1662299068, "price": 102694.17, "tid": 14166858, "type": "sell"}
{"amount": 4.501e-05, "date": 1662299113, "price": 102707.57124094, "tid": 14166859, "type": "sell"}
{"amount": 0.00194564, "date": 1662299131, "price": 102793.43755, "tid": 14166860, "type": "buy"}
{"amount": 0.00145921, "date": 1662299164, "price": 102794.99999, "tid": 14166861, "type": "buy"}
{"amount": 0.00024441, "date": 1662299190, "price": 102685.6738, "tid": 14166862, "type": "sell"}
{"amount": 0.0009728, "date": 1662299205, "price": 102794.99998999, "tid": 14166863, "type": "buy"}
{"amount": 0.00298686, "date": 1662299253, "price": 102793.35954999, "tid": 14166864, "type": "buy"}
{"amount": 9.183e-05, "date": 1662299261, "price": 102680.2299, "tid": 14166865, "type": "sell"}
{"amount": 0.00049202, "date": 1662299267, "price": 102684.57614988, "tid": 14166866, "type": "sell"}
{"amount": 0.00120385, "date": 1662299430, "price": 102761.47471854, "tid": 14166867, "type": "buy"}
{"amount": 0.00048673, "date": 1662299487, "price": 102725.2213033, "tid": 14166868, "type": "buy"}
{"amount": 0.00310124, "date": 1662299601, "price": 102674.97581, "tid": 14166869, "type": "buy"}
{"amount": 0.00548, "date": 1662299601, "price": 102676.49629987, "tid": 14166870, "type": "buy"}
{"amount": 0.00115812, "date": 1662299601, "price": 102677.41265461, "tid": 14166871, "type": "buy"}
{"amount": 0.0018871, "date": 1662299651, "price": 102659.68923088, "tid": 14166872, "type": "buy"}
{"amount": 0.00010485, "date": 1662299688, "price": 102618.72, "tid": 14166873, "type": "sell"}
{"amount": 0.01950268, "date": 1662299704, "price": 102550, "tid": 14166874, "type": "sell"}
{"amount": 0.01950268, "date": 1662299717, "price": 102549.99688, "tid": 14166875, "type": "buy"}
{"amount": 0.00057405, "date": 1662299736, "price": 102487.68215622, "tid": 14166876, "type": "sell"}
{"amount": 0.00037942, "date": 1662299781, "price": 102603.64644883, "tid": 14166877, "type": "buy"}
{"amount": 0.00077969, "date": 1662299791, "price": 102603.64644883, "tid": 14166878, "type": "buy"}
{"amount": 0.00200301, "date": 1662299808, "price": 102600.53621159, "tid": 14166879, "type": "buy"}
{"amount": 4.855e-05, "date": 1662299821, "price": 102494.5138005, "tid": 14166880, "type": "sell"}
{"amount": 0.00017076, "date": 1662299978, "price": 102480.01, "tid": 14166881, "type": "buy"}
{"amount": 0.05015612, "date": 1662300219, "price": 102480, "tid": 14166882, "type": "sell"}
{"amount": 0.03415433, "date": 1662300219, "price": 102476.01, "tid": 14166883, "type": "sell"}
{"amount": 0.0078, "date": 1662300264, "price": 102419.93332624, "tid": 14166884, "type": "buy"}
{"amount": 0.01172744, "date": 1662300264, "price": 102419.93332625, "tid": 14166885, "type": "buy"}
{"amount": 6e-05, "date": 1662300276, "price": 102399.99, "tid": 14166886, "type": "sell"}
{"amount": 1e-05, "date": 1662300276, "price": 102389.99, "tid": 14166887, "type": "sell"}
{"amount": 0.0018039, "date": 1662300276, "price": 102338.681534, "tid": 14166888, "type": "sell"}
{"amount": 0.0044561, "date": 1662300280, "price": 102338.681534, "tid": 14166889, "type": "sell"}
{"amount": 0.01337, "date": 1662300280, "price": 102336.41756586, "tid": 14166890, "type": "sell"}
{"amount": 9.771e-05, "date": 1662300323, "price": 102338.66425207, "tid": 14166891, "type": "buy"}
{"amount": 0.00186078, "date": 1662300336, "price": 102338.65249213, "tid": 14166892, "type": "buy"}
{"amount": 0.00977148, "date": 1662300348, "price": 102338.64266979, "tid": 14166893, "type": "buy"}
{"amount": 0.01857204, "date": 1662300397, "price": 102304.29995, "tid": 14166894, "type": "buy"}
{"amount": 0.0085, "date": 1662300437, "price": 102304.29336203, "tid": 14166895, "type": "sell"}
{"amount": 0.01364, "date": 1662300437, "price": 102304.29336202, "tid": 14166896, "type": "sell"}
{"amount": 0.00273304, "date": 1662300437, "price": 102302.52318522, "tid": 14166897, "type": "sell"}
{"amount": 0.00979696, "date": 1662300477, "price": 102302.52318522, "tid": 14166898, "type": "sell"}
{"amount": 0.01253, "date": 1662300477, "price": 102301.52862536, "tid": 14166899, "type": "sell"}
{"amount": 0.01621, "date": 1662300477, "price": 102301.2561113, "tid": 14166900, "type": "sell"}
{"amount": 0.00675, "date": 1662300477, "price": 102301.10238542, "tid": 14166901, "type": "sell"}
{"amount": 6e-05, "date": 1662300477, "price": 102300.01, "tid": 14166902, "type": "sell"}
{"amount": 1e-05, "date": 1662300477, "price": 102300, "tid": 14166903, "type": "sell"}
{"amount": 0.0001, "date": 1662300477, "price": 102300, "tid": 14166904, "type": "sell"}
{"amount": 1e-05, "date": 1662300477, "price": 102299.99, "tid": 14166905, "type": "sell"}
{"amount": 1e-05, "date": 1662300477, "price": 102299.99, "tid": 14166906, "type": "sell"}
{"amount": 0.00097689, "date": 1662300518, "price": 102364.99704557, "tid": 14166907, "type": "buy"}
{"amount": 0.00403689, "date": 1662300572, "price": 102251.83552808, "tid": 14166908, "type": "buy"}
{"amount": 0.00034217, "date": 1662300674, "price": 102287.15028313, "tid": 14166909, "type": "buy"}
{"amount": 0.00977695, "date": 1662300707, "price": 102281.28511755, "tid": 14166910, "type": "buy"}
{"amount": 1.074e-05, "date": 1662300727, "price": 102394.19338774, "tid": 14166911, "type": "buy"}
{"amount": 0.00184776, "date": 1662300751, "price": 102252.09890784, "tid": 14166912, "type": "sell"}
{"amount": 0.00082955, "date": 1662300788, "price": 102464.68868267, "tid": 14166913, "type": "buy"}
{"amount": 0.00014289, "date": 1662300796, "price": 102290.73147088, "tid": 14166914, "type": "sell"}
{"amount": 0.00601, "date": 1662300821, "price": 102310.03106548, "tid": 14166915, "type": "sell"}
{"amount": 0.01215, "date": 1662300821, "price": 102309.71896744, "tid": 14166916, "type": "sell"}
{"amount": 0.01227, "date": 1662300821, "price": 102308.51018288, "tid": 14166917, "type": "sell"}
{"amount": 0.01442, "date": 1662300821, "price": 102307.22446552, "tid": 14166918, "type": "sell"}
{"amount": 0.02548, "date": 1662300821, "price": 102306.46981426, "tid": 14166919, "type": "sell"}
{"amount": 0.00135063, "date": 1662300821, "price": 102306.24620992, "tid": 14166920, "type": "sell"}
{"amount": 1.95e-05, "date": 1662300869, "price": 102547.78524151, "tid": 14166921, "type": "buy"}
{"amount": 0.00975155, "date": 1662300893, "price": 102547.7852415, "tid": 14166922, "type": "buy"}
{"amount": 0.00183046, "date": 1662300982, "price": 102498.50781708, "tid": 14166923, "type": "buy"}
{"amount": 0.00097578, "date": 1662301039, "price": 102481.45865918, "tid": 14166924, "type": "buy"}
{"amount": 1.95e-05, "date": 1662301185, "price": 102542.59, "tid": 14166925, "type": "buy"}
{"amount": 0.00020104, "date": 1662301217, "price": 102565.85631019, "tid": 14166926, "type": "buy"}
{"amount": 0.00181765, "date": 1662301328, "price": 102403.0675, "tid": 14166927, "type": "sell"}
{"amount": 0.0071, "date": 1662301338, "price": 102505.75125608, "tid": 14166928, "type": "buy"}
{"amount": 0.01549, "date": 1662301338, "price": 102506.40937839, "tid": 14166929, "type": "buy"}
{"amount": 0.01305, "date": 1662301338, "price": 102507.24299997, "tid": 14166930, "type": "buy"}
{"amount": 0.0131371, "date": 1662301338, "price": 102508.5031823, "tid": 14166931, "type": "buy"}
{"amount": 2.927e-05, "date": 1662301382, "price": 102488.59372289, "tid": 14166932, "type": "buy"}
{"amount": 0.00022606, "date": 1662301402, "price": 102405.14137822, "tid": 14166933, "type": "sell"}
{"amount": 0.00180347, "date": 1662301405, "price": 102485.21779923, "tid": 14166934, "type": "buy"}
{"amount": 0.00097565, "date": 1662301448, "price": 102495.71119369, "tid": 14166935, "type": "buy"}
{"amount": 0.00097564, "date": 1662301451, "price": 102495.85013062, "tid": 14166936, "type": "buy"}
{"amount": 1e-05, "date": 1662301451, "price": 102495.85013062, "tid": 14166937, "type": "buy"}
{"amount": 1e-05, "date": 1662301556, "price": 102498, "tid": 14166938, "type": "sell"}
{"amount": 1e-05, "date": 1662301556, "price": 102439.99, "tid": 14166939, "type": "sell"}
{"amount": 0.00177085, "date": 1662301556, "price": 102438.0717, "tid": 14166940, "type": "sell"}
{"amount": 0.0047786, "date": 1662301575, "price": 102416.7297, "tid": 14166941, "type": "sell"}
{"amount": 0.01695028, "date": 1662301682, "price": 102425.2203, "tid": 14166942, "type": "sell"}
{"amount": 0.00252276, "date": 1662301741, "price": 102419.41986451, "tid": 14166943, "type": "sell"}
{"amount": 0.0212793, "date": 1662301795, "price": 102465.74, "tid": 14166944, "type": "buy"}
{"amount": 1.029e-05, "date": 1662301876, "price": 102476.23181747, "tid": 14166945, "type": "buy"}
{"amount": 0.00034889, "date": 1662301946, "price": 102437.36456683, "tid": 14166946, "type": "buy"}
{"amount": 0.0001, "date": 1662301974, "price": 102427.49760731, "tid": 14166947, "type": "buy"}
{"amount": 0.00177845, "date": 1662301988, "price": 102431.49265342, "tid": 14166948, "type": "buy"}
{"amount": 9.888e-05, "date": 1662302022, "price": 102438.42, "tid": 14166949, "type": "buy"}
{"amount": 0.00176601, "date": 1662302057, "price": 102443.33224062, "tid": 14166950, "type": "sell"}
{"amount": 0.00023401, "date": 1662302185, "price": 102556.93, "tid": 14166951, "type": "buy"}
{"amount": 0.00482798, "date": 1662302220, "price": 102438.57447001, "tid": 14166952, "type": "sell"}
{"amount": 0.00019522, "date": 1662302274, "price": 102477.97792986, "tid": 14166953, "type": "sell"}
{"amount": 0.009, "date": 1662302305, "price": 102545.62999999, "tid": 14166954, "type": "buy"}
{"amount": 0.00367728, "date": 1662302305, "price": 102545.63, "tid": 14166955, "type": "buy"}
{"amount": 0.0001243, "date": 1662302336, "price": 102459.28332541, "tid": 14166956, "type": "sell"}
{"amount": 3.128e-05, "date": 1662302435, "price": 102421.43632983, "tid": 14166957, "type": "sell"}
{"amount": 0.00097517, "date": 1662302438, "price": 102545.62999999, "tid": 14166958, "type": "buy"}
{"amount": 0.00738354, "date": 1662302474, "price": 102545.62, "tid": 14166959, "type": "sell"}
{"amount": 0.0033, "date": 1662302533, "price": 102507.66119528, "tid": 14166960, "type": "buy"}
{"amount": 0.00248488, "date": 1662302533, "price": 102509.56, "tid": 14166961, "type": "buy"}
{"amount": 0.00439608, "date": 1662302590, "price": 102436.75321261, "tid": 14166962, "type": "sell"}
{"amount": 0.00097537, "date": 1662302648, "price": 102524.61999999, "tid": 14166963, "type": "buy"}
{"amount": 0.00048785, "date": 1662302812, "price": 102490.85999999, "tid": 14166964, "type": "buy"}
{"amount": 0.00097558, "date": 1662302832, "price": 102503.04, "tid": 14166965, "type": "buy"}
{"amount": 1.034e-05, "date": 1662302834, "price": 102503.04, "tid": 14166966, "type": "buy"}
{"amount": 0.00047304, "date": 1662302976, "price": 102416.94171369, "tid": 14166967, "type": "sell"}
{"amount": 0.0017525, "date": 1662302987, "price": 102510.2, "tid": 14166968, "type": "buy"}
{"amount": 7.013e-05, "date": 1662303136, "price": 102519.96999999, "tid": 14166969, "type": "buy"}
{"amount": 0.00174024, "date": 1662303153, "price": 102436.54902591, "tid": 14166970, "type": "sell"}
{"amount": 0.00975863, "date": 1662303420, "price": 102473.36, "tid": 14166971, "type": "buy"}
{"amount": 0.01951726, "date": 1662303538, "price": 102473.36, "tid": 14166972, "type": "buy"}
{"amount": 6.808e-05, "date": 1662303589, "price": 102495.3597067, "tid": 14166973, "type": "sell"}
{"amount": 0.00011144, "date": 1662303589, "price": 102560.2, "tid": 14166974, "type": "buy"}
{"amount": 0.00048751, "date": 1662303604, "price": 102560.2, "tid": 14166975, "type": "buy"}
{"amount": 9.743e-05, "date": 1662303729, "price": 102635.57, "tid": 14166976, "type": "buy"}
{"amount": 0.00095658, "date": 1662303737, "price": 102635.57, "tid": 14166977, "type": "buy"}
{"amount": 0.00146143, "date": 1662303777, "price": 102639, "tid": 14166978, "type": "buy"}
{"amount": 0.0061534, "date": 1662303905, "price": 102568.01911726, "tid": 14166979, "type": "sell"}
{"amount": 0.0042, "date": 1662303911, "price": 102638.99999999, "tid": 14166980, "type": "buy"}
{"amount": 0.00631, "date": 1662303911, "price": 102671.66795117, "tid": 14166981, "type": "buy"}
{"amount": 0.1794, "date": 1662303911, "price": 102675, "tid": 14166982, "type": "buy"}
{"amount": 0.25, "date": 1662303911, "price": 102676.47, "tid": 14166983, "type": "buy"}
{"amount": 0.01547, "date": 1662303911, "price": 102737.34644085, "tid": 14166984, "type": "buy"}
{"amount": 0.0315626, "date": 1662303911, "price": 102738.61393565, "tid": 14166985, "type": "buy"}
{"amount": 0.00013698, "date": 1662304003, "price": 102641.79125116, "tid": 14166986, "type": "buy"}
{"amount": 0.00014614, "date": 1662304006, "price": 102639.53657291, "tid": 14166987, "type": "buy"}
{"amount": 3.237e-05, "date": 1662304025, "price": 102560.2, "tid": 14166988, "type": "sell"}
{"amount": 0.00166635, "date": 1662304025, "price": 102521.51827351, "tid": 14166989, "type": "sell"}
{"amount": 0.00194968, "date": 1662304208, "price": 102580.91277035, "tid": 14166990, "type": "buy"}
{"amount": 2.943e-05, "date": 1662304233, "price": 102591.16416093, "tid": 14166991, "type": "buy"}
{"amount": 4.796e-05, "date": 1662304317, "price": 102527.63404567, "tid": 14166992, "type": "sell"}
{"amount": 0.00014621, "date": 1662304443, "price": 102587.67, "tid": 14166993, "type": "buy"}
{"amount": 2.144e-05, "date": 1662304454, "price": 102587.67, "tid": 14166994, "type": "buy"}
{"amount": 0.00097477, "date": 1662304507, "price": 102587.67, "tid": 14166995, "type": "buy"}
{"amount": 0.00638, "date": 1662304538, "price": 102579.07541026, "tid": 14166996, "type": "buy"}
{"amount": 0.01311605, "date": 1662304538, "price": 102587.66737518, "tid": 14166997, "type": "buy"}
{"amount": 0.0102191, "date": 1662304568, "price": 102550, "tid": 14166998, "type": "sell"}
{"amount": 0.0015447, "date": 1662304706, "price": 102550.01, "tid": 14166999, "type": "buy"}
{"amount": 0.00088522, "date": 1662304716, "price": 102550.00000001, "tid": 14167000, "type": "buy"}
{"amount": 0.01208704, "date": 1662304809, "price": 102550, "tid": 14167001, "type": "sell"}
{"amount": 0.00341296, "date": 1662304914, "price": 102550.00000001, "tid": 14167002, "type": "buy"}
{"amount": 0.00015034, "date": 1662304936, "price": 102550, "tid": 14167003, "type": "sell"}
{"amount": 0.006725, "date": 1662304940, "price": 102550, "tid": 14167004, "type": "sell"}
{"amount": 9.751e-05, "date": 1662304954, "price": 102550.01, "tid": 14167005, "type": "buy"}
{"amount": 0.0061, "date": 1662304967, "price": 102550.00000001, "tid": 14167006, "type": "buy"}
{"amount": 0.0036568, "date": 1662304967, "price": 102550.00000001, "tid": 14167007, "type": "buy"}
{"amount": 0.03467242, "date": 1662305022, "price": 102550, "tid": 14167008, "type": "sell"}
{"amount": 0.00050244, "date": 1662305105, "price": 102550, "tid": 14167009, "type": "sell"}
{"amount": 0.00012891, "date": 1662305267, "price": 102550.01, "tid": 14167010, "type": "buy"}
{"amount": 8e-05, "date": 1662305277, "price": 102550, "tid": 14167011, "type": "sell"}
{"amount": 0.01493, "date": 1662305286, "price": 102550.00000001, "tid": 14167012, "type": "buy"}
{"amount": 0.00457268, "date": 1662305286, "price": 102550.01, "tid": 14167013, "type": "buy"}
{"amount": 0.00584777, "date": 1662305405, "price": 102603.19, "tid": 14167014, "type": "buy"}
{"amount": 0.00049085, "date": 1662305412, "price": 102550.00000001, "tid": 14167015, "type": "sell"}
{"amount": 3.995e-05, "date": 1662305441, "price": 102550.00000001, "tid": 14167016, "type": "sell"}
{"amount": 0.0071692, "date": 1662305459, "price": 102550.00000001, "tid": 14167017, "type": "sell"}
{"amount": 0.01004366, "date": 1662305459, "price": 102550, "tid": 14167018, "type": "sell"}
{"amount": 0.01, "date": 1662305459, "price": 102550, "tid": 14167019, "type": "sell"}
{"amount": 0.00195246, "date": 1662305459, "price": 102531.49334618, "tid": 14167020, "type": "sell"}
{"amount": 2.093e-05, "date": 1662305507, "price": 102500.52914782, "tid": 14167021, "type": "sell"}
{"amount": 0.00020494, "date": 1662305551, "price": 102505.23424738, "tid": 14167022, "type": "sell"}
{"amount": 0.0058, "date": 1662305599, "price": 102580.20437652, "tid": 14167023, "type": "buy"}
{"amount": 0.00475078, "date": 1662305599, "price": 102582.00811912, "tid": 14167024, "type": "buy"}
{"amount": 9.573e-05, "date": 1662305610, "price": 102571.9461604, "tid": 14167025, "type": "buy"}
{"amount": 0.00487882, "date": 1662305778, "price": 102483.78, "tid": 14167026, "type": "sell"}
{"amount": 0.00243966, "date": 1662305788, "price": 102473.36, "tid": 14167027, "type": "sell"}
{"amount": 0.00487633, "date": 1662305788, "price": 102473.35715791, "tid": 14167028, "type": "buy"}
{"amount": 9.761e-05, "date": 1662305889, "price": 102440.55, "tid": 14167029, "type": "buy"}
{"amount": 0.00029256, "date": 1662306021, "price": 102540.54666644, "tid": 14167030, "type": "buy"}
{"amount": 0.00012375, "date": 1662306065, "price": 102440.54, "tid": 14167031, "type": "sell"}
{"amount": 0.0001691, "date": 1662306079, "price": 102440.54, "tid": 14167032, "type": "sell"}
{"amount": 8.94e-05, "date": 1662306079, "price": 102410, "tid": 14167033, "type": "sell"}
{"amount": 0.0065, "date": 1662306102, "price": 102436.73999999, "tid": 14167034, "type": "buy"}
{"amount": 0.00375022, "date": 1662306102, "price": 102436.74, "tid": 14167035, "type": "buy"}
{"amount": 0.00136543, "date": 1662306112, "price": 102531.08443067, "tid": 14167036, "type": "buy"}
{"amount": 2.9e-05, "date": 1662306142, "price": 102410.01, "tid": 14167037, "type": "buy"}
{"amount": 0.00117176, "date": 1662306192, "price": 102410.01, "tid": 14167038, "type": "buy"}
{"amount": 0.00048823, "date": 1662306217, "price": 102410.01, "tid": 14167039, "type": "buy"}
{"amount": 1.06e-05, "date": 1662306223, "price": 102410, "tid": 14167040, "type": "sell"}
{"amount": 1e-05, "date": 1662306223, "price": 102409.99, "tid": 14167041, "type": "sell"}
{"amount": 1e-05, "date": 1662306223, "price": 102401.12, "tid": 14167042, "type": "sell"}
{"amount": 1e-05, "date": 1662306223, "price": 102401.11, "tid": 14167043, "type": "sell"}
{"amount": 1e-05, "date": 1662306223, "price": 102400, "tid": 14167044, "type": "sell"}
{"amount": 1e-05, "date": 1662306223, "price": 102399.99, "tid": 14167045, "type": "sell"}
{"amount": 0.0007404, "date": 1662306223, "price": 102382.97550001, "tid": 14167046, "type": "sell"}
{"amount": 0.00117176, "date": 1662306251, "price": 102410.01, "tid": 14167047, "type": "buy"}
{"amount": 0.00097646, "date": 1662306290, "price": 102410.01, "tid": 14167048, "type": "buy"}
{"amount": 0.00049018, "date": 1662306329, "price": 102410, "tid": 14167049, "type": "sell"}
{"amount": 0.00053982, "date": 1662306329, "price": 102382.97550001, "tid": 14167050, "type": "sell"}
{"amount": 0.00763698, "date": 1662306343, "price": 102382.97550001, "tid": 14167051, "type": "sell"}
{"amount": 0.00098935, "date": 1662306364, "price": 102410.01, "tid": 14167052, "type": "buy"}
{"amount": 0.00012947, "date": 1662306537, "price": 102410.07, "tid": 14167053, "type": "buy"}
{"amount": 0.00012293, "date": 1662306540, "price": 102410.07, "tid": 14167054, "type": "buy"}
{"amount": 0.00016583, "date": 1662306577, "price": 102404.529, "tid": 14167055, "type": "sell"}
{"amount": 0.00033769, "date": 1662306591, "price": 102410.06999999, "tid": 14167056, "type": "sell"}
{"amount": 0.008065, "date": 1662306599, "price": 102410.07, "tid": 14167057, "type": "buy"}
{"amount": 0.0103, "date": 1662306668, "price": 102585.19999999, "tid": 14167058, "type": "buy"}
{"amount": 0.00919598, "date": 1662306668, "price": 102585.2, "tid": 14167059, "type": "buy"}
{"amount": 0.00194959, "date": 1662306705, "price": 102585.2, "tid": 14167060, "type": "buy"}
{"amount": 9.273e-05, "date": 1662306709, "price": 102504.2419925, "tid": 14167061, "type": "sell"}
{"amount": 0.00024379, "date": 1662306837, "price": 102546.96, "tid": 14167062, "type": "buy"}
{"amount": 0.00048758, "date": 1662306904, "price": 102546.96, "tid": 14167063, "type": "buy"}
{"amount": 0.00029337, "date": 1662306982, "price": 102699.84, "tid": 14167064, "type": "buy"}
{"amount": 1.831e-05, "date": 1662307112, "price": 102682.05978, "tid": 14167065, "type": "sell"}
{"amount": 0.0019289, "date": 1662307203, "price": 102757.38333162, "tid": 14167066, "type": "sell"}
{"amount": 0.00648, "date": 1662307244, "price": 102790.01989066, "tid": 14167067, "type": "sell"}
{"amount": 0.00642, "date": 1662307244, "price": 102788.6293702, "tid": 14167068, "type": "sell"}
{"amount": 0.00124639, "date": 1662307244, "price": 102788.52689352, "tid": 14167069, "type": "sell"}
{"amount": 0.00097222, "date": 1662307262, "price": 102856.35998349, "tid": 14167070, "type": "buy"}
{"amount": 0.000577, "date": 1662307462, "price": 102680.45099772, "tid": 14167071, "type": "sell"}
{"amount": 0.02707929, "date": 1662307489, "price": 102773, "tid": 14167072, "type": "buy"}
{"amount": 0.0004919, "date": 1662307530, "price": 102685.10489832, "tid": 14167073, "type": "sell"}
{"amount": 0.0004919, "date": 1662307594, "price": 102661.50796338, "tid": 14167074, "type": "sell"}
{"amount": 0.00460181, "date": 1662307696, "price": 102644.29375, "tid": 14167075, "type": "buy"}
{"amount": 0.02250975, "date": 1662307696, "price": 102652.40816399, "tid": 14167076, "type": "buy"}
{"amount": 0.00068957, "date": 1662307808, "price": 102613.8, "tid": 14167077, "type": "sell"}
{"amount": 0.00462012, "date": 1662307833, "price": 102536.20999, "tid": 14167078, "type": "buy"}
{"amount": 0.01586044, "date": 1662307833, "price": 102536.21, "tid": 14167079, "type": "buy"}
{"amount": 0.0001849, "date": 1662307841, "price": 102428.94496168, "tid": 14167080, "type": "sell"}
{"amount": 0.00012211, "date": 1662307995, "price": 102531.08859676, "tid": 14167081, "type": "sell"}
{"amount": 6.58e-05, "date": 1662308071, "price": 102578.18, "tid": 14167082, "type": "buy"}
{"amount": 0.00028937, "date": 1662308120, "price": 102462.57309974, "tid": 14167083, "type": "sell"}
{"amount": 0.00097497, "date": 1662308189, "price": 102566.55, "tid": 14167084, "type": "buy"}
{"amount": 1.949e-05, "date": 1662308210, "price": 102564.62194541, "tid": 14167085, "type": "buy"}
{"amount": 7.312e-05, "date": 1662308216, "price": 102566.55, "tid": 14167086, "type": "buy"}
{"amount": 0.00603, "date": 1662308334, "price": 102616.62827555, "tid": 14167087, "type": "buy"}
{"amount": 0.01207, "date": 1662308334, "price": 102620.31619792, "tid": 14167088, "type": "buy"}
{"amount": 0.00967235, "date": 1662308334, "price": 102621.75501753, "tid": 14167089, "type": "buy"}
{"amount": 7.308e-05, "date": 1662308338, "price": 102620.20075814, "tid": 14167090, "type": "buy"}
{"amount": 0.00390108, "date": 1662308481, "price": 102535.52, "tid": 14167091, "type": "buy"}
{"amount": 0.00321054, "date": 1662308553, "price": 102501.32530342, "tid": 14167092, "type": "sell"}
{"amount": 0.00032767, "date": 1662308613, "price": 102507.17999999, "tid": 14167093, "type": "sell"}
{"amount": 1.95e-05, "date": 1662308814, "price": 102516.29, "tid": 14167094, "type": "buy"}
{"amount": 0.00243623, "date": 1662308986, "price": 102617.52, "tid": 14167095, "type": "buy"}
{"amount": 0.00019489, "date": 1662309185, "price": 102620.2, "tid": 14167096, "type": "buy"}
{"amount": 0.01480511, "date": 1662309273, "price": 102620.2, "tid": 14167097, "type": "buy"}
{"amount": 0.00583897, "date": 1662309387, "price": 102757.73, "tid": 14167098, "type": "buy"}
{"amount": 0.00012162, "date": 1662309567, "price": 102773, "tid": 14167099, "type": "buy"}
{"amount": 0.01487838, "date": 1662309580, "price": 102773, "tid": 14167100, "type": "buy"}
{"amount": 0.09727601, "date": 1662309607, "price": 102879.84, "tid": 14167101, "type": "buy"}
{"amount": 0.001, "date": 1662309618, "price": 102850.30688572, "tid": 14167102, "type": "sell"}
{"amount": 0.0063116, "date": 1662309726, "price": 102936.44474942, "tid": 14167103, "type": "sell"}
{"amount": 0.009827, "date": 1662309738, "price": 102943.19937, "tid": 14167104, "type": "sell"}
{"amount": 0.00013816, "date": 1662309798, "price": 103000, "tid": 14167105, "type": "buy"}
{"amount": 0.00180301, "date": 1662309798, "price": 103032.7193981, "tid": 14167106, "type": "buy"}
{"amount": 2.096e-05, "date": 1662309799, "price": 103031.26909155, "tid": 14167107, "type": "buy"}
{"amount": 9.7e-06, "date": 1662309804, "price": 103026.94498429, "tid": 14167108, "type": "buy"}
{"amount": 0.00542146, "date": 1662309842, "price": 103188.0475268, "tid": 14167109, "type": "buy"}
{"amount": 3.808e-05, "date": 1662309866, "price": 103183.52921897, "tid": 14167110, "type": "buy"}
{"amount": 0.0035, "date": 1662310008, "price": 103200, "tid": 14167111, "type": "buy"}
{"amount": 0.01, "date": 1662310008, "price": 103200, "tid": 14167112, "type": "buy"}
{"amount": 0.00047836, "date": 1662310141, "price": 103151.93534134, "tid": 14167113, "type": "sell"}
{"amount": 0.00048328, "date": 1662310233, "price": 103459.22670837, "tid": 14167114, "type": "buy"}
{"amount": 0.00154377, "date": 1662310277, "price": 103259.07389099, "tid": 14167115, "type": "sell"}
{"amount": 0.0012, "date": 1662310339, "price": 103459.2283997, "tid": 14167116, "type": "buy"}
{"amount": 0.00051081, "date": 1662310339, "price": 103459.23, "tid": 14167117, "type": "buy"}
{"amount": 0.00021816, "date": 1662310415, "price": 103165.41149248, "tid": 14167118, "type": "sell"}
{"amount": 0.00057857, "date": 1662310541, "price": 103425.85094, "tid": 14167119, "type": "buy"}
{"amount": 0.00082038, "date": 1662310568, "price": 103272.97625248, "tid": 14167120, "type": "sell"}
{"amount": 9.66e-06, "date": 1662310586, "price": 103433.61729414, "tid": 14167121, "type": "buy"}
{"amount": 0.00057453, "date": 1662310590, "price": 103292.20430869, "tid": 14167122, "type": "sell"}
{"amount": 2.745e-05, "date": 1662310609, "price": 103441, "tid": 14167123, "type": "buy"}
{"amount": 2.898e-05, "date": 1662310648, "price": 103502.32, "tid": 14167124, "type": "buy"}
{"amount": 0.00431034, "date": 1662310658, "price": 103495.26332783, "tid": 14167125, "type": "buy"}
{"amount": 0.00046102, "date": 1662310672, "price": 103487.89329664, "tid": 14167126, "type": "buy"}
{"amount": 0.00483246, "date": 1662310713, "price": 103466.7641399, "tid": 14167127, "type": "buy"}
{"amount": 4.773e-05, "date": 1662310750, "price": 103256.0821, "tid": 14167128, "type": "sell"}
{"amount": 0.00067685, "date": 1662310826, "price": 103419.62769313, "tid": 14167129, "type": "buy"}
{"amount": 0.0010609, "date": 1662310850, "price": 103327.89797862, "tid": 14167130, "type": "sell"}
{"amount": 0.00048278, "date": 1662310852, "price": 103330.15957878, "tid": 14167131, "type": "sell"}
{"amount": 4.83e-05, "date": 1662310860, "price": 103500.61012, "tid": 14167132, "type": "buy"}
{"amount": 0.00024173, "date": 1662311073, "price": 103439.63058, "tid": 14167133, "type": "buy"}
{"amount": 1.9e-05, "date": 1662311098, "price": 103400, "tid": 14167134, "type": "sell"}
{"amount": 9.667e-05, "date": 1662311133, "price": 103440.72745, "tid": 14167135, "type": "buy"}
{"amount": 9.424e-05, "date": 1662311144, "price": 103400, "tid": 14167136, "type": "sell"}
{"amount": 0.00045668, "date": 1662311151, "price": 103400, "tid": 14167137, "type": "sell"}
{"amount": 0.00354332, "date": 1662311151, "price": 103328.24520461, "tid": 14167138, "type": "sell"}
{"amount": 0.00989436, "date": 1662311199, "price": 103510.43404, "tid": 14167139, "type": "buy"}
{"amount": 0.01893, "date": 1662311199, "price": 103510.43405349, "tid": 14167140, "type": "buy"}
{"amount": 0.02016, "date": 1662311199, "price": 103516.28239696, "tid": 14167141, "type": "buy"}
{"amount": 0.01172, "date": 1662311199, "price": 103659.98187708, "tid": 14167142, "type": "buy"}
{"amount": 0.00567, "date": 1662311199, "price": 103660.18662624, "tid": 14167143, "type": "buy"}
{"amount": 0.01407, "date": 1662311199, "price": 103661.22499698, "tid": 14167144, "type": "buy"}
{"amount": 0.01135, "date": 1662311199, "price": 103661.33468403, "tid": 14167145, "type": "buy"}
{"amount": 0.004744, "date": 1662311199, "price": 103661.80024462, "tid": 14167146, "type": "buy"}
{"amount": 0.00192967, "date": 1662311230, "price": 103257.88481864, "tid": 14167147, "type": "sell"}
{"amount": 0.00746591, "date": 1662311385, "price": 103420.70427, "tid": 14167148, "type": "buy"}
{"amount": 0.00091032, "date": 1662311402, "price": 103348.09999999, "tid": 14167149, "type": "buy"}
{"amount": 0.0022417, "date": 1662311529, "price": 103421.20608624, "tid": 14167150, "type": "buy"}
{"amount": 7.703e-05, "date": 1662311733, "price": 103271.93028001, "tid": 14167151, "type": "sell"}
{"amount": 1.595e-05, "date": 1662311800, "price": 103441.56999999, "tid": 14167152, "type": "buy"}
{"amount": 0.00032963, "date": 1662311989, "price": 103302.50596775, "tid": 14167153, "type": "sell"}
{"amount": 0.0013, "date": 1662312001, "price": 103474.63539795, "tid": 14167154, "type": "buy"}
{"amount": 0.1436438, "date": 1662312001, "price": 103488.51, "tid": 14167155, "type": "buy"}
{"amount": 7.468e-05, "date": 1662312058, "price": 103219.77883488, "tid": 14167156, "type": "sell"}
{"amount": 0.00428017, "date": 1662312088, "price": 103294.10498, "tid": 14167157, "type": "sell"}
{"amount": 1.526e-05, "date": 1662312130, "price": 103500, "tid": 14167158, "type": "buy"}
{"amount": 0.01594202, "date": 1662312157, "price": 103500, "tid": 14167159, "type": "buy"}
{"amount": 0.00050859, "date": 1662312245, "price": 103500, "tid": 14167160, "type": "buy"}
{"amount": 0.02611684, "date": 1662312444, "price": 103381.57265, "tid": 14167161, "type": "buy"}
{"amount": 0.00484051, "date": 1662312529, "price": 103294.76, "tid": 14167162, "type": "buy"}
{"amount": 0.00027652, "date": 1662312835, "price": 103280.05000001, "tid": 14167163, "type": "buy"}
{"amount": 0.0004357, "date": 1662312863, "price": 103280.05000001, "tid": 14167164, "type": "buy"}
{"amount": 0.00032647, "date": 1662313065, "price": 103280.05, "tid": 14167165, "type": "sell"}
{"amount": 0.02743101, "date": 1662313084, "price": 103307.88, "tid": 14167166, "type": "buy"}
{"amount": 1.529e-05, "date": 1662313128, "price": 103285.7, "tid": 14167167, "type": "buy"}
{"amount": 0.0075888, "date": 1662313220, "price": 103280.05, "tid": 14167168, "type": "sell"}
{"amount": 0.0085, "date": 1662313220, "price": 103174.52655863, "tid": 14167169, "type": "sell"}
{"amount": 0.007, "date": 1662313220, "price": 103174.52655862, "tid": 14167170, "type": "sell"}
{"amount": 0.00284523, "date": 1662313220, "price": 103173.38061178, "tid": 14167171, "type": "sell"}
{"amount": 0.00028311, "date": 1662313263, "price": 103065.9486423, "tid": 14167172, "type": "sell"}
{"amount": 1.937e-05, "date": 1662313338, "price": 103230.41, "tid": 14167173, "type": "buy"}
{"amount": 0.00121084, "date": 1662313403, "price": 103233.46999999, "tid": 14167174, "type": "buy"}
{"amount": 4.843e-05, "date": 1662313510, "price": 103233.46981999, "tid": 14167175, "type": "buy"}
{"amount": 3.118e-05, "date": 1662313541, "price": 103016.34162286, "tid": 14167176, "type": "sell"}
{"amount": 9.69e-05, "date": 1662313576, "price": 103196.08, "tid": 14167177, "type": "buy"}
{"amount": 0.0063, "date": 1662313757, "price": 103229.36999999, "tid": 14167178, "type": "buy"}
{"amount": 0.05549346, "date": 1662313757, "price": 103229.37, "tid": 14167179, "type": "buy"}
{"amount": 0.01598753, "date": 1662313807, "price": 103070.3607, "tid": 14167180, "type": "sell"}
{"amount": 0.0013, "date": 1662313834, "price": 103198.47630999, "tid": 14167181, "type": "buy"}
{"amount": 0.00112251, "date": 1662313834, "price": 103198.47631, "tid": 14167182, "type": "buy"}
{"amount": 0.0102, "date": 1662313840, "price": 103017.40135379, "tid": 14167183, "type": "sell"}
{"amount": 0.0067, "date": 1662313840, "price": 103017.40135378, "tid": 14167184, "type": "sell"}
{"amount": 0.01963629, "date": 1662313840, "price": 103015.74299, "tid": 14167185, "type": "sell"}
{"amount": 0.007, "date": 1662313840, "price": 103015.74297762, "tid": 14167186, "type": "sell"}
{"amount": 0.00471664, "date": 1662313840, "price": 103014.1645, "tid": 14167187, "type": "sell"}
{"amount": 0.0015, "date": 1662313881, "price": 103145.25998999, "tid": 14167188, "type": "buy"}
{"amount": 0.00334753, "date": 1662313881, "price": 103145.25999, "tid": 14167189, "type": "buy"}
{"amount": 0.00595971, "date": 1662313891, "price": 103127.6, "tid": 14167190, "type": "buy"}
{"amount": 0.00048483, "date": 1662313930, "price": 103127.59998999, "tid": 14167191, "type": "buy"}
{"amount": 0.00394695, "date": 1662313967, "price": 103127.59996999, "tid": 14167192, "type": "buy"}
{"amount": 0.0001351, "date": 1662314150, "price": 103102.82999, "tid": 14167193, "type": "buy"}
{"amount": 0.02927243, "date": 1662314295, "price": 103032.66699, "tid": 14167194, "type": "sell"}
{"amount": 1.735e-05, "date": 1662314349, "price": 103130.23035999, "tid": 14167195, "type": "buy"}
{"amount": 0.00084743, "date": 1662314358, "price": 103000.00000001, "tid": 14167196, "type": "sell"}
{"amount": 0.0099814, "date": 1662314392, "price": 103000.00000001, "tid": 14167197, "type": "sell"}
{"amount": 0.00339761, "date": 1662314569, "price": 103013.78, "tid": 14167198, "type": "buy"}
{"amount": 0.00970743, "date": 1662314578, "price": 103013.78, "tid": 14167199, "type": "buy"}
{"amount": 0.00029123, "date": 1662314606, "price": 103009.67, "tid": 14167200, "type": "buy"}
{"amount": 0.00038503, "date": 1662314660, "price": 103028.60999, "tid": 14167201, "type": "buy"}
{"amount": 0.00805601, "date": 1662314707, "price": 103028.61, "tid": 14167202, "type": "buy"}
{"amount": 0.0001, "date": 1662314710, "price": 103000.00000001, "tid": 14167203, "type": "sell"}
{"amount": 0.00408109, "date": 1662314724, "price": 103028.61, "tid": 14167204, "type": "buy"}
{"amount": 0.00097087, "date": 1662314934, "price": 103000, "tid": 14167205, "type": "sell"}
{"amount": 0.00062142, "date": 1662314934, "price": 102922.62566357, "tid": 14167206, "type": "sell"}
{"amount": 2.913e-05, "date": 1662315124, "price": 102958.80993999, "tid": 14167207, "type": "buy"}
{"amount": 9.71e-06, "date": 1662315129, "price": 102958.80993999, "tid": 14167208, "type": "buy"}
{"amount": 0.00097126, "date": 1662315185, "price": 102958.80993999, "tid": 14167209, "type": "buy"}
{"amount": 0.00291378, "date": 1662315189, "price": 102958.80993999, "tid": 14167210, "type": "buy"}
{"amount": 0.00194252, "date": 1662315218, "price": 102958.80993999, "tid": 14167211, "type": "buy"}
{"amount": 0.00020498, "date": 1662315266, "price": 102933.77, "tid": 14167212, "type": "buy"}
{"amount": 0.0048575, "date": 1662315290, "price": 102933.77, "tid": 14167213, "type": "buy"}
{"amount": 0.00097096, "date": 1662315473, "price": 103000.96, "tid": 14167214, "type": "buy"}
{"amount": 0.0094, "date": 1662315640, "price": 102905.59153094, "tid": 14167215, "type": "sell"}
{"amount": 0.0004859, "date": 1662315640, "price": 102905.59153093, "tid": 14167216, "type": "sell"}
{"amount": 0.00711, "date": 1662315640, "price": 102901.94636422, "tid": 14167217, "type": "sell"}
{"amount": 0.01584, "date": 1662315640, "price": 102901.0985427, "tid": 14167218, "type": "sell"}
{"amount": 0.00711, "date": 1662315640, "price": 102900.2600379, "tid": 14167219, "type": "sell"}
{"amount": 0.0020541, "date": 1662315640, "price": 102898.72044992, "tid": 14167220, "type": "sell"}
{"amount": 0.0104, "date": 1662315683, "price": 102982.77999999, "tid": 14167221, "type": "buy"}
{"amount": 0.03127327, "date": 1662315683, "price": 102982.78, "tid": 14167222, "type": "buy"}
{"amount": 0.00285155, "date": 1662315734, "price": 102971.96999999, "tid": 14167223, "type": "buy"}
{"amount": 9.711e-05, "date": 1662315755, "price": 102971.96999999, "tid": 14167224, "type": "buy"}
{"amount": 0.00105093, "date": 1662315760, "price": 102905.70333156, "tid": 14167225, "type": "sell"}
{"amount": 1e-05, "date": 1662315835, "price": 103000, "tid": 14167226, "type": "buy"}
{"amount": 1e-05, "date": 1662315855, "price": 103100, "tid": 14167227, "type": "buy"}
{"amount": 0.00095929, "date": 1662315855, "price": 103168.25998999, "tid": 14167228, "type": "buy"}
{"amount": 2.909e-05, "date": 1662315950, "price": 103118.15958294, "tid": 14167229, "type": "buy"}
{"amount": 6.934e-05, "date": 1662315974, "price": 103017.5074, "tid": 14167230, "type": "sell"}
{"amount": 7.758e-05, "date": 1662316057, "price": 103116.32177276, "tid": 14167231, "type": "buy"}
{"amount": 9.69e-06, "date": 1662316085, "price": 103153.29998999, "tid": 14167232, "type": "buy"}
{"amount": 0.00029082, "date": 1662316122, "price": 103153.29998999, "tid": 14167233, "type": "buy"}
{"amount": 0.001, "date": 1662316248, "price": 102949.99005, "tid": 14167234, "type": "sell"}
{"amount": 0.00078523, "date": 1662316305, "price": 102998.88191, "tid": 14167235, "type": "sell"}
{"amount": 0.00019382, "date": 1662316344, "price": 103185.12998999, "tid": 14167236, "type": "buy"}
{"amount": 3.45e-05, "date": 1662316372, "price": 103185.12999, "tid": 14167237, "type": "buy"}
{"amount": 7.83e-05, "date": 1662316373, "price": 103185.12999, "tid": 14167238, "type": "buy"}
{"amount": 0.001, "date": 1662316414, "price": 103092.02797, "tid": 14167239, "type": "sell"}
{"amount": 1.694e-05, "date": 1662316488, "price": 103247.08998999, "tid": 14167240, "type": "buy"}
{"amount": 0.00010402, "date": 1662316491, "price": 103247.08998999, "tid": 14167241, "type": "buy"}
{"amount": 5.811e-05, "date": 1662316522, "price": 103247.08997999, "tid": 14167242, "type": "buy"}
{"amount": 0.00044052, "date": 1662316573, "price": 103239.99994, "tid": 14167243, "type": "buy"}
{"amount": 8.168e-05, "date": 1662316623, "price": 103031.29741006, "tid": 14167244, "type": "sell"}
{"amount": 4.714e-05, "date": 1662316650, "price": 103045.5361, "tid": 14167245, "type": "sell"}
{"amount": 0.0002, "date": 1662316738, "price": 103050, "tid": 14167246, "type": "sell"}
{"amount": 2e-05, "date": 1662316739, "price": 103049.99, "tid": 14167247, "type": "sell"}
{"amount": 0.0001, "date": 1662316739, "price": 102999.99, "tid": 14167248, "type": "sell"}
{"amount": 1e-05, "date": 1662316739, "price": 102949.99, "tid": 14167249, "type": "sell"}
{"amount": 0.0005828, "date": 1662316739, "price": 102949.99, "tid": 14167250, "type": "sell"}
{"amount": 0.0042872, "date": 1662316739, "price": 102908.45433013, "tid": 14167251, "type": "sell"}
{"amount": 0.00042399, "date": 1662316740, "price": 102908.46430001, "tid": 14167252, "type": "sell"}
{"amount": 0.00097049, "date": 1662316852, "price": 103039.99999999, "tid": 14167253, "type": "buy"}
{"amount": 7.765e-05, "date": 1662317011, "price": 103019.69685957, "tid": 14167254, "type": "buy"}
{"amount": 0.00097082, "date": 1662317040, "price": 103015.90412021, "tid": 14167255, "type": "buy"}
{"amount": 0.00029121, "date": 1662317045, "price": 103015.9041202, "tid": 14167256, "type": "buy"}
{"amount": 0.04367552, "date": 1662317066, "price": 103032.54, "tid": 14167257, "type": "buy"}
{"amount": 9.712e-05, "date": 1662317068, "price": 103039.82, "tid": 14167258, "type": "buy"}
{"amount": 0.0061, "date": 1662317100, "price": 102939.09627599, "tid": 14167259, "type": "sell"}
{"amount": 0.00017359, "date": 1662317315, "price": 102940.31409613, "tid": 14167260, "type": "sell"}
{"amount": 0.00024249, "date": 1662317384, "price": 103093.33762, "tid": 14167261, "type": "buy"}
{"amount": 0.0101, "date": 1662317416, "price": 103086.53998999, "tid": 14167262, "type": "buy"}
{"amount": 0.03548391, "date": 1662317416, "price": 103086.53999, "tid": 14167263, "type": "buy"}
{"amount": 0.0009789, "date": 1662317416, "price": 103086.54, "tid": 14167264, "type": "buy"}
{"amount": 0.00094081, "date": 1662317469, "price": 103001.446, "tid": 14167265, "type": "sell"}
{"amount": 0.00048446, "date": 1662317555, "price": 103043.12046116, "tid": 14167266, "type": "sell"}
{"amount": 0.00024239, "date": 1662317567, "price": 103139.49999999, "tid": 14167267, "type": "buy"}
{"amount": 0.00096956, "date": 1662317603, "price": 103139.49999999, "tid": 14167268, "type": "buy"}
{"amount": 1.143e-05, "date": 1662317724, "price": 103159.54, "tid": 14167269, "type": "buy"}
{"amount": 0.00017827, "date": 1662317769, "price": 103157.72406994, "tid": 14167270, "type": "buy"}
{"amount": 0.00012156, "date": 1662317965, "price": 103156.67351175, "tid": 14167271, "type": "buy"}
{"amount": 9.69e-06, "date": 1662318041, "price": 103155.65553127, "tid": 14167272, "type": "buy"}
{"amount": 0.00153906, "date": 1662318085, "price": 103037.0915, "tid": 14167273, "type": "sell"}
{"amount": 0.00298154, "date": 1662318275, "price": 103127.69787974, "tid": 14167274, "type": "buy"}
{"amount": 0.00048502, "date": 1662318319, "price": 103088.32, "tid": 14167275, "type": "buy"}
{"amount": 9.7e-05, "date": 1662318583, "price": 103086.73, "tid": 14167276, "type": "buy"}
{"amount": 0.00048469, "date": 1662318643, "price": 103158, "tid": 14167277, "type": "buy"}
{"amount": 0.00656, "date": 1662318664, "price": 103032.39180484, "tid": 14167278, "type": "sell"}
{"amount": 0.00856009, "date": 1662318664, "price": 103030.5571, "tid": 14167279, "type": "sell"}
{"amount": 5.817e-05, "date": 1662318791, "price": 103138.39, "tid": 14167280, "type": "buy"}
{"amount": 0.00234092, "date": 1662318816, "price": 103052.2521, "tid": 14167281, "type": "sell"}
{"amount": 0.00012903, "date": 1662318846, "price": 103070.67596178, "tid": 14167282, "type": "sell"}
{"amount": 0.00074012, "date": 1662319222, "price": 103482.13801939, "tid": 14167283, "type": "buy"}
{"amount": 5.134e-05, "date": 1662319238, "price": 103411.10915926, "tid": 14167284, "type": "buy"}
{"amount": 9.305e-05, "date": 1662319292, "price": 103142.82542, "tid": 14167285, "type": "sell"}
{"amount": 0.00048278, "date": 1662319522, "price": 103305.0159, "tid": 14167286, "type": "sell"}
{"amount": 0.00238407, "date": 1662319565, "price": 103280.59001001, "tid": 14167287, "type": "sell"}
{"amount": 9.668e-05, "date": 1662319589, "price": 103429.96252241, "tid": 14167288, "type": "buy"}
{"amount": 0.00025954, "date": 1662319611, "price": 103283.8772, "tid": 14167289, "type": "sell"}
{"amount": 0.0023, "date": 1662319645, "price": 103417.37992787, "tid": 14167290, "type": "buy"}
{"amount": 0.01600908, "date": 1662319645, "price": 103417.49936489, "tid": 14167291, "type": "buy"}
{"amount": 0.00458706, "date": 1662319723, "price": 103284.14041001, "tid": 14167292, "type": "sell"}
{"amount": 4.843e-05, "date": 1662319763, "price": 103440.21221945, "tid": 14167293, "type": "buy"}
{"amount": 0.00029013, "date": 1662319951, "price": 103398.60266272, "tid": 14167294, "type": "buy"}
{"amount": 0.00048357, "date": 1662319960, "price": 103397.59835999, "tid": 14167295, "type": "buy"}
{"amount": 0.0027, "date": 1662320013, "price": 103360.63060519, "tid": 14167296, "type": "buy"}
{"amount": 0.0047509, "date": 1662320013, "price": 103360.6306052, "tid": 14167297, "type": "buy"}
{"amount": 0.00048383, "date": 1662320090, "price": 103340.98427999, "tid": 14167298, "type": "buy"}
{"amount": 0.01103, "date": 1662320167, "price": 103325.18690731, "tid": 14167299, "type": "buy"}
{"amount": 0.01281, "date": 1662320167, "price": 103326.17409076, "tid": 14167300, "type": "buy"}
{"amount": 0.0003553, "date": 1662320167, "price": 103332.51400225, "tid": 14167301, "type": "buy"}
{"amount": 0.00025, "date": 1662320183, "price": 103280.58, "tid": 14167302, "type": "sell"}
{"amount": 0.00145172, "date": 1662320191, "price": 103325.38678149, "tid": 14167303, "type": "buy"}
{"amount": 0.00387124, "date": 1662320219, "price": 103325.92790427, "tid": 14167304, "type": "buy"}
{"amount": 1.925e-05, "date": 1662320567, "price": 103280.58000001, "tid": 14167305, "type": "sell"}
{"amount": 0.00048278, "date": 1662320762, "price": 103316.8876257, "tid": 14167306, "type": "sell"}
{"amount": 0.0001, "date": 1662320768, "price": 103465.12, "tid": 14167307, "type": "buy"}
{"amount": 0.00473218, "date": 1662320768, "price": 103473.05881911, "tid": 14167308, "type": "buy"}
{"amount": 0.00513, "date": 1662320792, "price": 103460.95668126, "tid": 14167309, "type": "buy"}
{"amount": 0.00100166, "date": 1662320792, "price": 103473.48537986, "tid": 14167310, "type": "buy"}
{"amount": 1.866e-05, "date": 1662320797, "price": 103296.90130804, "tid": 14167311, "type": "sell"}
{"amount": 0.00529649, "date": 1662320880, "price": 103296.9, "tid": 14167312, "type": "buy"}
{"amount": 0.00492, "date": 1662320880, "price": 103439.28680248, "tid": 14167313, "type": "buy"}
{"amount": 0.01261, "date": 1662320880, "price": 103440.97842054, "tid": 14167314, "type": "buy"}
{"amount": 0.01101647, "date": 1662320880, "price": 103442.95278744, "tid": 14167315, "type": "buy"}
{"amount": 0.00096715, "date": 1662320964, "price": 103280.58, "tid": 14167316, "type": "sell"}
{"amount": 9.96e-06, "date": 1662321014, "price": 103401.21835263, "tid": 14167317, "type": "buy"}
{"amount": 0.0006294, "date": 1662321248, "price": 103383.67, "tid": 14167318, "type": "buy"}
{"amount": 0.00019201, "date": 1662321355, "price": 103375.35322412, "tid": 14167319, "type": "buy"}
{"amount": 0.00019349, "date": 1662321436, "price": 103361.37, "tid": 14167320, "type": "buy"}
{"amount": 0.00290308, "date": 1662321560, "price": 103338.47994, "tid": 14167321, "type": "buy"}
{"amount": 0.0435097, "date": 1662321707, "price": 103425.20179, "tid": 14167322, "type": "buy"}
{"amount": 0.00966882, "date": 1662321707, "price": 103425.20179, "tid": 14167323, "type": "buy"}
{"amount": 0.13889643, "date": 1662321953, "price": 103327.92, "tid": 14167324, "type": "buy"}
{"amount": 0.00048388, "date": 1662322009, "price": 103329.53, "tid": 14167325, "type": "buy"}
{"amount": 0.00048388, "date": 1662322026, "price": 103329.53, "tid": 14167326, "type": "buy"}
{"amount": 5.506e-05, "date": 1662322028, "price": 103329.53, "tid": 14167327, "type": "buy"}
{"amount": 5.507e-05, "date": 1662322224, "price": 103311.61, "tid": 14167328, "type": "buy"}
{"amount": 0.00019102, "date": 1662322249, "price": 103280.58000001, "tid": 14167329, "type": "sell"}
{"amount": 9.67e-06, "date": 1662322260, "price": 103311.61, "tid": 14167330, "type": "buy"}
{"amount": 0.00048397, "date": 1662322333, "price": 103311.61, "tid": 14167331, "type": "buy"}
{"amount": 0.00316482, "date": 1662322417, "price": 103364.43, "tid": 14167332, "type": "buy"}
{"amount": 8.715e-05, "date": 1662322511, "price": 103416.41, "tid": 14167333, "type": "buy"}
{"amount": 0.00028247, "date": 1662322576, "price": 103350.26448996, "tid": 14167334, "type": "sell"}
{"amount": 7.246e-05, "date": 1662322581, "price": 103500, "tid": 14167335, "type": "buy"}
{"amount": 0.00716411, "date": 1662322586, "price": 103360.10294629, "tid": 14167336, "type": "sell"}
{"amount": 0.00096618, "date": 1662322592, "price": 103499.99999999, "tid": 14167337, "type": "buy"}
{"amount": 0.0005, "date": 1662322598, "price": 103367.10447509, "tid": 14167338, "type": "sell"}
{"amount": 0.00068551, "date": 1662322666, "price": 103444.85159, "tid": 14167339, "type": "buy"}
{"amount": 0.00135588, "date": 1662322690, "price": 103291.39744, "tid": 14167340, "type": "sell"}
{"amount": 9.358e-05, "date": 1662322709, "price": 103434.91162046, "tid": 14167341, "type": "buy"}
{"amount": 1.208e-05, "date": 1662322778, "price": 103396.0311135, "tid": 14167342, "type": "buy"}
{"amount": 0.00048278, "date": 1662322807, "price": 103280.58000001, "tid": 14167343, "type": "sell"}
{"amount": 0.00018904, "date": 1662323030, "price": 103280.58, "tid": 14167344, "type": "sell"}
{"amount": 1e-05, "date": 1662323035, "price": 103280.58, "tid": 14167345, "type": "sell"}
{"amount": 1e-05, "date": 1662323046, "price": 103300, "tid": 14167346, "type": "buy"}
{"amount": 0.00120696, "date": 1662323046, "price": 103372.43037905, "tid": 14167347, "type": "buy"}
{"amount": 1e-05, "date": 1662323052, "price": 103280.58, "tid": 14167348, "type": "sell"}
{"amount": 0.00029352, "date": 1662323079, "price": 103280.58000001, "tid": 14167349, "type": "sell"}
{"amount": 0.00036836, "date": 1662323141, "price": 103348.40981999, "tid": 14167350, "type": "buy"}
{"amount": 0.00013323, "date": 1662323143, "price": 103280.58, "tid": 14167351, "type": "sell"}
{"amount": 0.00195391, "date": 1662323288, "price": 103346.37, "tid": 14167352, "type": "buy"}
{"amount": 0.0023707, "date": 1662323337, "price": 103280.58000001, "tid": 14167353, "type": "sell"}
{"amount": 0.00096724, "date": 1662323560, "price": 103386.94889999, "tid": 14167354, "type": "buy"}
{"amount": 0.00193448, "date": 1662323569, "price": 103386.94889999, "tid": 14167355, "type": "buy"}
{"amount": 0.00221592, "date": 1662323618, "price": 103280.58000001, "tid": 14167356, "type": "sell"}
{"amount": 1.45e-05, "date": 1662323648, "price": 103381.34999999, "tid": 14167357, "type": "buy"}
{"amount": 0.00288601, "date": 1662323697, "price": 103381.34999999, "tid": 14167358, "type": "buy"}
{"amount": 7.013e-05, "date": 1662323760, "price": 103280.58000001, "tid": 14167359, "type": "sell"}
{"amount": 1e-05, "date": 1662323898, "price": 103400, "tid": 14167360, "type": "buy"}
{"amount": 0.00018078, "date": 1662323898, "price": 103416.99999999, "tid": 14167361, "type": "buy"}
{"amount": 4.776e-05, "date": 1662323938, "price": 103416.99999999, "tid": 14167362, "type": "buy"}
{"amount": 0.00538351, "date": 1662324015, "price": 103321.23666304, "tid": 14167363, "type": "sell"}
{"amount": 0.00022584, "date": 1662324043, "price": 103341.20008, "tid": 14167364, "type": "sell"}
{"amount": 0.00048783, "date": 1662324067, "price": 103498.41313, "tid": 14167365, "type": "buy"}
{"amount": 0.00156097, "date": 1662324252, "price": 103280.58000001, "tid": 14167366, "type": "sell"}
{"amount": 0.00213997, "date": 1662324272, "price": 103280.58000001, "tid": 14167367, "type": "sell"}
{"amount": 0.00040796, "date": 1662324338, "price": 103290.22587, "tid": 14167368, "type": "sell"}
{"amount": 0.00013546, "date": 1662324350, "price": 103417.75931, "tid": 14167369, "type": "buy"}
{"amount": 0.00322485, "date": 1662324583, "price": 103280.58000001, "tid": 14167370, "type": "sell"}
{"amount": 2.717e-05, "date": 1662324625, "price": 103387.29987, "tid": 14167371, "type": "buy"}
{"amount": 0.00013541, "date": 1662324686, "price": 103387.3, "tid": 14167372, "type": "buy"}
{"amount": 0.00096725, "date": 1662324725, "price": 103387.29999999, "tid": 14167373, "type": "buy"}
{"amount": 9.74e-06, "date": 1662324732, "price": 103291.62970001, "tid": 14167374, "type": "sell"}
{"amount": 1.593e-05, "date": 1662324762, "price": 103284.3283339, "tid": 14167375, "type": "sell"}
{"amount": 0.00290045, "date": 1662324781, "price": 103432.10406999, "tid": 14167376, "type": "buy"}
{"amount": 0.00049182, "date": 1662324793, "price": 103432.10405, "tid": 14167377, "type": "buy"}
{"amount": 1.742e-05, "date": 1662324932, "price": 103280.58000001, "tid": 14167378, "type": "sell"}
{"amount": 1e-05, "date": 1662325092, "price": 103400, "tid": 14167379, "type": "buy"}
{"amount": 0.00068799, "date": 1662325092, "price": 103424.14199, "tid": 14167380, "type": "buy"}
{"amount": 0.0017191, "date": 1662325092, "price": 103432.74, "tid": 14167381, "type": "buy"}
{"amount": 0.00019617, "date": 1662325347, "price": 103462.07696, "tid": 14167382, "type": "buy"}
{"amount": 0.00366998, "date": 1662325347, "price": 103462.07697311, "tid": 14167383, "type": "buy"}
{"amount": 0.00048326, "date": 1662325350, "price": 103462.07697311, "tid": 14167384, "type": "buy"}
{"amount": 8.933e-05, "date": 1662325375, "price": 103300.98913001, "tid": 14167385, "type": "sell"}
{"amount": 0.0028203, "date": 1662325419, "price": 103300.98915, "tid": 14167386, "type": "sell"}
{"amount": 0.00583534, "date": 1662325459, "price": 103300.9891206, "tid": 14167387, "type": "sell"}
{"amount": 0.00101582, "date": 1662325548, "price": 103364.44825999, "tid": 14167388, "type": "buy"}
{"amount": 0.00149466, "date": 1662325662, "price": 103300.9891206, "tid": 14167389, "type": "sell"}
{"amount": 0.00748, "date": 1662325662, "price": 103299.53571228, "tid": 14167390, "type": "sell"}
{"amount": 0.01374, "date": 1662325662, "price": 103298.72284282, "tid": 14167391, "type": "sell"}
{"amount": 0.00980857, "date": 1662325662, "price": 103298.45961764, "tid": 14167392, "type": "sell"}
{"amount": 1.209e-05, "date": 1662325662, "price": 103319.75994, "tid": 14167393, "type": "buy"}
{"amount": 0.00042763, "date": 1662325706, "price": 103312.73753131, "tid": 14167394, "type": "buy"}
{"amount": 0.01451808, "date": 1662325762, "price": 103319.43, "tid": 14167395, "type": "buy"}
{"amount": 8.767e-05, "date": 1662325850, "price": 103338.38, "tid": 14167396, "type": "buy"}
{"amount": 0.00010758, "date": 1662325886, "price": 103280.58000001, "tid": 14167397, "type": "sell"}
{"amount": 0.01079242, "date": 1662325938, "price": 103280.58000001, "tid": 14167398, "type": "sell"}
{"amount": 0.00814027, "date": 1662325938, "price": 103280.58, "tid": 14167399, "type": "sell"}
{"amount": 0.00046731, "date": 1662325938, "price": 103280.58, "tid": 14167400, "type": "sell"}
{"amount": 0.0001802, "date": 1662326001, "price": 103380.65173217, "tid": 14167401, "type": "buy"}
{"amount": 0.00049236, "date": 1662326060, "price": 103378.5115574, "tid": 14167402, "type": "buy"}
{"amount": 0.0001, "date": 1662326170, "price": 103280.58, "tid": 14167403, "type": "sell"}
{"amount": 0.00266044, "date": 1662326320, "price": 103366, "tid": 14167404, "type": "buy"}
{"amount": 0.0064, "date": 1662326341, "price": 103280.58000001, "tid": 14167405, "type": "sell"}
{"amount": 0.0023371, "date": 1662326341, "price": 103280.58, "tid": 14167406, "type": "sell"}
{"amount": 0.00485, "date": 1662326341, "price": 103280.58, "tid": 14167407, "type": "sell"}
{"amount": 0.0071, "date": 1662326341, "price": 103235.8950777, "tid": 14167408, "type": "sell"}
{"amount": 0.03927866, "date": 1662326341, "price": 103235.31821, "tid": 14167409, "type": "sell"}
{"amount": 0.24003424, "date": 1662326341, "price": 103235.3182, "tid": 14167410, "type": "sell"}
{"amount": 2.902e-05, "date": 1662326435, "price": 103358.89164, "tid": 14167411, "type": "buy"}
{"amount": 0.00016659, "date": 1662326502, "price": 103328.08, "tid": 14167412, "type": "buy"}
{"amount": 9.67e-06, "date": 1662326529, "price": 103328.07999, "tid": 14167413, "type": "buy"}
{"amount": 0.00483895, "date": 1662326535, "price": 103328.07999, "tid": 14167414, "type": "buy"}
{"amount": 9.67e-06, "date": 1662326546, "price": 103328.07999999, "tid": 14167415, "type": "buy"}
{"amount": 0.00024194, "date": 1662326607, "price": 103328.08, "tid": 14167416, "type": "buy"}
{"amount": 0.0075, "date": 1662326668, "price": 103360.52998999, "tid": 14167417, "type": "buy"}
{"amount": 0.0149457, "date": 1662326668, "price": 103360.52999, "tid": 14167418, "type": "buy"}
{"amount": 0.00022574, "date": 1662326673, "price": 103244.60928934, "tid": 14167419, "type": "sell"}
{"amount": 5.391e-05, "date": 1662326740, "price": 103200.0101, "tid": 14167420, "type": "sell"}
{"amount": 1e-05, "date": 1662326922, "price": 103470, "tid": 14167421, "type": "buy"}
{"amount": 0.0073, "date": 1662326922, "price": 103485.41998999, "tid": 14167422, "type": "buy"}
{"amount": 0.0187477, "date": 1662326922, "price": 103485.41999, "tid": 14167423, "type": "buy"}
{"amount": 0.06628671, "date": 1662326922, "price": 103485.42, "tid": 14167424, "type": "buy"}
{"amount": 0.0085, "date": 1662326947, "price": 103329.71069001, "tid": 14167425, "type": "sell"}
{"amount": 0.0003599, "date": 1662326947, "price": 103329.71069, "tid": 14167426, "type": "sell"}
{"amount": 0.0106, "date": 1662326961, "price": 103464.78567749, "tid": 14167427, "type": "buy"}
{"amount": 0.00389739, "date": 1662326961, "price": 103472.38821881, "tid": 14167428, "type": "buy"}
{"amount": 0.00114704, "date": 1662327091, "price": 103276.33676012, "tid": 14167429, "type": "sell"}
{"amount": 0.00102495, "date": 1662327109, "price": 103419.14999999, "tid": 14167430, "type": "buy"}
{"amount": 0.00040681, "date": 1662327121, "price": 103417.71919336, "tid": 14167431, "type": "buy"}
{"amount": 3.867e-05, "date": 1662327144, "price": 103419.14999999, "tid": 14167432, "type": "buy"}
{"amount": 1.276e-05, "date": 1662327159, "price": 103401.52999999, "tid": 14167433, "type": "buy"}
{"amount": 1.47e-05, "date": 1662327267, "price": 103385.31999999, "tid": 14167434, "type": "buy"}
{"amount": 0.0005264, "date": 1662327401, "price": 103239.13271489, "tid": 14167435, "type": "sell"}
{"amount": 3.134e-05, "date": 1662327439, "price": 103378.24999999, "tid": 14167436, "type": "buy"}
{"amount": 6.417e-05, "date": 1662327451, "price": 103272.85301207, "tid": 14167437, "type": "sell"}
{"amount": 0.0002046, "date": 1662327479, "price": 103418.80932557, "tid": 14167438, "type": "buy"}
{"amount": 0.0065954, "date": 1662327629, "price": 103418.80932557, "tid": 14167439, "type": "buy"}
{"amount": 0.02240974, "date": 1662327629, "price": 103433.18, "tid": 14167440, "type": "buy"}
{"amount": 1e-05, "date": 1662327648, "price": 103217.96735592, "tid": 14167441, "type": "sell"}
{"amount": 0.0019027, "date": 1662327666, "price": 103225.911157, "tid": 14167442, "type": "sell"}
{"amount": 0.00101004, "date": 1662327741, "price": 103229.90347, "tid": 14167443, "type": "sell"}
{"amount": 0.00019349, "date": 1662327803, "price": 103363.11293, "tid": 14167444, "type": "buy"}
{"amount": 0.00136927, "date": 1662327819, "price": 103360.30499, "tid": 14167445, "type": "buy"}
{"amount": 0.00752417, "date": 1662327819, "price": 103363.11294, "tid": 14167446, "type": "buy"}
{"amount": 0.00036894, "date": 1662327984, "price": 103200.00000001, "tid": 14167447, "type": "sell"}
{"amount": 0.00136927, "date": 1662327993, "price": 103255.52999, "tid": 14167448, "type": "buy"}
{"amount": 0.1055085, "date": 1662327993, "price": 103255.53, "tid": 14167449, "type": "buy"}
{"amount": 0.10687777, "date": 1662327997, "price": 103251.63994, "tid": 14167450, "type": "buy"}
{"amount": 0.00105675, "date": 1662328006, "price": 103200.00000001, "tid": 14167451, "type": "sell"}
{"amount": 0.00048425, "date": 1662328090, "price": 103251.63988, "tid": 14167452, "type": "buy"}
{"amount": 6.267e-05, "date": 1662328199, "price": 103233.63576, "tid": 14167453, "type": "buy"}
{"amount": 0.0037072, "date": 1662328232, "price": 103200, "tid": 14167454, "type": "sell"}
{"amount": 0.00096871, "date": 1662328270, "price": 103229.76514582, "tid": 14167455, "type": "buy"}
{"amount": 0.0018507, "date": 1662328273, "price": 103200, "tid": 14167456, "type": "sell"}
{"amount": 0.00027138, "date": 1662328419, "price": 103212.59, "tid": 14167457, "type": "buy"}
{"amount": 0.0081, "date": 1662328499, "price": 103200.00000001, "tid": 14167458, "type": "sell"}
{"amount": 0.00413202, "date": 1662328499, "price": 103200, "tid": 14167459, "type": "sell"}
{"amount": 0.00027911, "date": 1662328499, "price": 103073.3286, "tid": 14167460, "type": "sell"}
{"amount": 0.00034181, "date": 1662328499, "price": 103212.58994, "tid": 14167461, "type": "buy"}
{"amount": 0.00048443, "date": 1662328502, "price": 103212.59, "tid": 14167462, "type": "buy"}
{"amount": 2.451e-05, "date": 1662328582, "price": 103144.95263264, "tid": 14167463, "type": "sell"}
{"amount": 0.00413401, "date": 1662328597, "price": 103155.75983438, "tid": 14167464, "type": "sell"}
{"amount": 7.353e-05, "date": 1662328607, "price": 103163.14833386, "tid": 14167465, "type": "sell"}
{"amount": 1e-05, "date": 1662328685, "price": 103233.63, "tid": 14167466, "type": "buy"}
{"amount": 0.00025867, "date": 1662328690, "price": 103235.17431, "tid": 14167467, "type": "sell"}
{"amount": 0.00189902, "date": 1662328826, "price": 103210.80999999, "tid": 14167468, "type": "buy"}
{"amount": 0.00027366, "date": 1662329104, "price": 103228.15999999, "tid": 14167469, "type": "buy"}
{"amount": 9.396e-05, "date": 1662329131, "price": 103227.16306658, "tid": 14167470, "type": "buy"}
{"amount": 0.00278399, "date": 1662329148, "price": 103218.99999999, "tid": 14167471, "type": "buy"}
{"amount": 0.00096957, "date": 1662329312, "price": 103138.09999999, "tid": 14167472, "type": "buy"}
{"amount": 0.00166738, "date": 1662329396, "price": 103065.36337373, "tid": 14167473, "type": "sell"}
{"amount": 0.00041913, "date": 1662329501, "price": 103052.25, "tid": 14167474, "type": "sell"}
{"amount": 0.00013642, "date": 1662329523, "price": 103052.25, "tid": 14167475, "type": "sell"}
{"amount": 6.963e-05, "date": 1662329525, "price": 103030.55000001, "tid": 14167476, "type": "sell"}
{"amount": 2.893e-05, "date": 1662329556, "price": 103052.25, "tid": 14167477, "type": "buy"}
{"amount": 0.0032, "date": 1662329556, "price": 103135.96999999, "tid": 14167478, "type": "buy"}
{"amount": 0.00452784, "date": 1662329556, "price": 103135.97, "tid": 14167479, "type": "buy"}
{"amount": 0.00133319, "date": 1662329557, "price": 103135.97, "tid": 14167480, "type": "buy"}
{"amount": 0.0004478, "date": 1662329563, "price": 103030.55, "tid": 14167481, "type": "sell"}
{"amount": 0.00026557, "date": 1662329696, "price": 103135.96988, "tid": 14167482, "type": "buy"}
{"amount": 1.891e-05, "date": 1662329767, "price": 103069.05, "tid": 14167483, "type": "buy"}
{"amount": 0.00048511, "date": 1662329814, "price": 103069.05, "tid": 14167484, "type": "buy"}
{"amount": 0.00029106, "date": 1662329832, "price": 103069.05, "tid": 14167485, "type": "buy"}
{"amount": 0.0002, "date": 1662329909, "price": 103030.55000001, "tid": 14167486, "type": "sell"}
{"amount": 0.00048503, "date": 1662329925, "price": 103084.84999998, "tid": 14167487, "type": "buy"}
{"amount": 0.00097007, "date": 1662329957, "price": 103084.85, "tid": 14167488, "type": "buy"}
{"amount": 9.99e-06, "date": 1662330026, "price": 103030.55000001, "tid": 14167489, "type": "sell"}
{"amount": 0.00088359, "date": 1662330109, "price": 103030.66723, "tid": 14167490, "type": "sell"}
{"amount": 0.00048454, "date": 1662330120, "price": 103188.99988, "tid": 14167491, "type": "buy"}
{"amount": 0.0019608, "date": 1662330138, "price": 103030.70357193, "tid": 14167492, "type": "sell"}
{"amount": 0.00021444, "date": 1662330171, "price": 103030.75820001, "tid": 14167493, "type": "sell"}
{"amount": 0.00033644, "date": 1662330212, "price": 103137.69, "tid": 14167494, "type": "buy"}
{"amount": 0.00493068, "date": 1662330250, "price": 103170.99994, "tid": 14167495, "type": "buy"}
{"amount": 1.939e-05, "date": 1662330289, "price": 103134, "tid": 14167496, "type": "buy"}
{"amount": 4.582e-05, "date": 1662330339, "price": 103046.60676955, "tid": 14167497, "type": "sell"}
{"amount": 0.05, "date": 1662330413, "price": 103134, "tid": 14167498, "type": "buy"}
{"amount": 4.545e-05, "date": 1662330420, "price": 103170.99994, "tid": 14167499, "type": "buy"}
{"amount": 0.00145449, "date": 1662330451, "price": 103128.73, "tid": 14167500, "type": "buy"}
{"amount": 0.0252112, "date": 1662330489, "price": 103128.73, "tid": 14167501, "type": "buy"}
{"amount": 9.695e-05, "date": 1662330550, "price": 103142.85, "tid": 14167502, "type": "buy"}
{"amount": 1.288e-05, "date": 1662330713, "price": 103258, "tid": 14167503, "type": "buy"}
{"amount": 0.0008831, "date": 1662330830, "price": 103145.64104093, "tid": 14167504, "type": "sell"}
{"amount": 9.683e-05, "date": 1662330865, "price": 103269.75999999, "tid": 14167505, "type": "buy"}
{"amount": 0.00096824, "date": 1662331170, "price": 103279.99999999, "tid": 14167506, "type": "buy"}
{"amount": 0.00024473, "date": 1662331175, "price": 103199.90358756, "tid": 14167507, "type": "sell"}
{"amount": 0.00053176, "date": 1662331223, "price": 103279.99999999, "tid": 14167508, "type": "buy"}
{"amount": 0.01302362, "date": 1662331223, "price": 103280, "tid": 14167509, "type": "buy"}
{"amount": 0.02904725, "date": 1662331236, "price": 103280, "tid": 14167510, "type": "buy"}
{"amount": 0.00019357, "date": 1662331254, "price": 103321.48, "tid": 14167511, "type": "buy"}
{"amount": 0.00096403, "date": 1662331274, "price": 103202.12081522, "tid": 14167512, "type": "sell"}
{"amount": 6.506e-05, "date": 1662331426, "price": 103284.5, "tid": 14167513, "type": "buy"}
{"amount": 0.00036419, "date": 1662331532, "price": 103170.89952144, "tid": 14167514, "type": "sell"}
{"amount": 0.00031149, "date": 1662331587, "price": 103258.06, "tid": 14167515, "type": "buy"}
{"amount": 0.00043628, "date": 1662331624, "price": 103142.85, "tid": 14167516, "type": "sell"}
{"amount": 0.0095, "date": 1662331624, "price": 103101.53663771, "tid": 14167517, "type": "sell"}
{"amount": 0.00707, "date": 1662331624, "price": 103101.5366377, "tid": 14167518, "type": "sell"}
{"amount": 0.01414, "date": 1662331624, "price": 103100.4395923, "tid": 14167519, "type": "sell"}
{"amount": 0.03129, "date": 1662331624, "price": 103097.17644892, "tid": 14167520, "type": "sell"}
{"amount": 0.0303, "date": 1662331624, "price": 103095.20826872, "tid": 14167521, "type": "sell"}
{"amount": 0.02383, "date": 1662331624, "price": 103036.17269052, "tid": 14167522, "type": "sell"}
{"amount": 0.02434, "date": 1662331624, "price": 103035.23868934, "tid": 14167523, "type": "sell"}
{"amount": 0.02306, "date": 1662331624, "price": 103034.34195504, "tid": 14167524, "type": "sell"}
{"amount": 0.02965, "date": 1662331624, "price": 103034.06715712, "tid": 14167525, "type": "sell"}
{"amount": 0.12938879, "date": 1662331624, "price": 103033.92275, "tid": 14167526, "type": "sell"}
{"amount": 0.00387752, "date": 1662331704, "price": 103158.48, "tid": 14167527, "type": "buy"}
{"amount": 0.0104, "date": 1662331752, "price": 103058.96351357, "tid": 14167528, "type": "sell"}
{"amount": 0.0056, "date": 1662331752, "price": 103058.96351356, "tid": 14167529, "type": "sell"}
{"amount": 0.004, "date": 1662331752, "price": 103057.7786, "tid": 14167530, "type": "sell"}
{"amount": 0.00969529, "date": 1662331759, "price": 103142.82643921, "tid": 14167531, "type": "buy"}
{"amount": 0.009, "date": 1662331797, "price": 103128.39999999, "tid": 14167532, "type": "buy"}
{"amount": 0.03948325, "date": 1662331797, "price": 103128.4, "tid": 14167533, "type": "buy"}
{"amount": 0.0010156, "date": 1662331833, "price": 103050.87860001, "tid": 14167534, "type": "sell"}
{"amount": 0.00245239, "date": 1662331940, "price": 103139.95171137, "tid": 14167535, "type": "buy"}
{"amount": 0.0072, "date": 1662332085, "price": 103059.46072001, "tid": 14167536, "type": "sell"}
{"amount": 0.00204834, "date": 1662332085, "price": 103059.46072, "tid": 14167537, "type": "sell"}
{"amount": 0.00012841, "date": 1662332111, "price": 103045.30775001, "tid": 14167538, "type": "sell"}
{"amount": 0.011, "date": 1662332261, "price": 103052.52164379, "tid": 14167539, "type": "sell"}
{"amount": 0.00336372, "date": 1662332261, "price": 103052.52164378, "tid": 14167540, "type": "sell"}
{"amount": 0.00598, "date": 1662332334, "price": 103052.10991844, "tid": 14167541, "type": "sell"}
{"amount": 0.0015, "date": 1662332334, "price": 103052.10991844, "tid": 14167542, "type": "sell"}
{"amount": 0.00027, "date": 1662332334, "price": 103030.55, "tid": 14167543, "type": "sell"}
{"amount": 9.69e-06, "date": 1662332361, "price": 103139.60363066, "tid": 14167544, "type": "buy"}
{"amount": 4.847e-05, "date": 1662332371, "price": 103139.60363066, "tid": 14167545, "type": "buy"}
{"amount": 4.847e-05, "date": 1662332384, "price": 103139.60363066, "tid": 14167546, "type": "buy"}
{"amount": 4.376e-05, "date": 1662332495, "price": 103035.6057, "tid": 14167547, "type": "sell"}
{"amount": 0.00544, "date": 1662332568, "price": 103036.65380588, "tid": 14167548, "type": "sell"}
{"amount": 0.00556, "date": 1662332568, "price": 103035.58937062, "tid": 14167549, "type": "sell"}
{"amount": 0.00985128, "date": 1662332568, "price": 103034.1709, "tid": 14167550, "type": "sell"}
{"amount": 0.0001112, "date": 1662332581, "price": 103040.6288, "tid": 14167551, "type": "sell"}
{"amount": 3.84e-05, "date": 1662332588, "price": 103030.56, "tid": 14167552, "type": "sell"}
{"amount": 0.00242467, "date": 1662332589, "price": 103106.41812818, "tid": 14167553, "type": "buy"}
{"amount": 0.00371348, "date": 1662332631, "price": 103125.54972225, "tid": 14167554, "type": "buy"}
{"amount": 0.00371348, "date": 1662332636, "price": 103122.30786055, "tid": 14167555, "type": "buy"}
{"amount": 0.00371348, "date": 1662332641, "price": 103131, "tid": 14167556, "type": "buy"}
{"amount": 0.0031, "date": 1662332723, "price": 103051.92568001, "tid": 14167557, "type": "sell"}
{"amount": 0.01585, "date": 1662332723, "price": 103051.92568, "tid": 14167558, "type": "sell"}
{"amount": 0.00290692, "date": 1662332878, "price": 103201.99999999, "tid": 14167559, "type": "buy"}
{"amount": 0.0039284, "date": 1662332897, "price": 103099.90158646, "tid": 14167560, "type": "sell"}
{"amount": 0.01174, "date": 1662332938, "price": 103057.89463564, "tid": 14167561, "type": "sell"}
{"amount": 0.65435021, "date": 1662332938, "price": 103056.03598, "tid": 14167562, "type": "sell"}
{"amount": 0.00549308, "date": 1662332941, "price": 103201.99999999, "tid": 14167563, "type": "buy"}
{"amount": 0.09140426, "date": 1662332941, "price": 103202, "tid": 14167564, "type": "buy"}
{"amount": 0.00143428, "date": 1662333030, "price": 103228.9969393, "tid": 14167565, "type": "buy"}
{"amount": 0.00417898, "date": 1662333078, "price": 103045.93366106, "tid": 14167566, "type": "sell"}
{"amount": 0.0129, "date": 1662333088, "price": 103228.60450341, "tid": 14167567, "type": "buy"}
{"amount": 0.0098, "date": 1662333088, "price": 103228.78244017, "tid": 14167568, "type": "buy"}
{"amount": 0.00147999, "date": 1662333088, "price": 103229.33087543, "tid": 14167569, "type": "buy"}
{"amount": 9.687e-05, "date": 1662333092, "price": 103230.87868158, "tid": 14167570, "type": "buy"}
{"amount": 0.00047809, "date": 1662333190, "price": 103073.06933578, "tid": 14167571, "type": "sell"}
{"amount": 4.098e-05, "date": 1662333198, "price": 103075.12136458, "tid": 14167572, "type": "sell"}
{"amount": 0.0033, "date": 1662333262, "price": 103214.74359226, "tid": 14167573, "type": "buy"}
{"amount": 0.00541964, "date": 1662333262, "price": 103215.44558939, "tid": 14167574, "type": "buy"}
{"amount": 0.00047415, "date": 1662333269, "price": 103214.2463443, "tid": 14167575, "type": "buy"}
{"amount": 9.68e-06, "date": 1662333370, "price": 103214.2463443, "tid": 14167576, "type": "buy"}
{"amount": 0.0003515, "date": 1662333409, "price": 103214.2463443, "tid": 14167577, "type": "buy"}
{"amount": 0.00198087, "date": 1662333451, "price": 103161.39573921, "tid": 14167578, "type": "buy"}
{"amount": 3.421e-05, "date": 1662333613, "price": 103168.4, "tid": 14167579, "type": "buy"}
{"amount": 0.00048464, "date": 1662333617, "price": 103168.4, "tid": 14167580, "type": "buy"}
{"amount": 9.68e-06, "date": 1662333787, "price": 103203.17801, "tid": 14167581, "type": "buy"}
{"amount": 4.842e-05, "date": 1662333821, "price": 103244.67478, "tid": 14167582, "type": "buy"}
{"amount": 0.0078, "date": 1662333848, "price": 103095.13664029, "tid": 14167583, "type": "sell"}
{"amount": 0.01814, "date": 1662333848, "price": 103095.13664028, "tid": 14167584, "type": "sell"}
{"amount": 0.01173, "date": 1662333848, "price": 103094.05822994, "tid": 14167585, "type": "sell"}
{"amount": 0.01277767, "date": 1662333848, "price": 103093.47832, "tid": 14167586, "type": "sell"}
{"amount": 0.0001028, "date": 1662333861, "price": 103101.70561001, "tid": 14167587, "type": "sell"}
{"amount": 0.0108, "date": 1662333891, "price": 103243.21998999, "tid": 14167588, "type": "buy"}
{"amount": 0.00566597, "date": 1662333891, "price": 103243.21999, "tid": 14167589, "type": "buy"}
{"amount": 8.17e-05, "date": 1662333907, "price": 103300.15999, "tid": 14167590, "type": "buy"}
{"amount": 0.00944836, "date": 1662333916, "price": 103300.15998, "tid": 14167591, "type": "buy"}
{"amount": 0.00700853, "date": 1662333916, "price": 103300.16, "tid": 14167592, "type": "buy"}
{"amount": 0.01588, "date": 1662333973, "price": 103365.81427948, "tid": 14167593, "type": "buy"}
{"amount": 0.06699999, "date": 1662334293, "price": 103500, "tid": 14167594, "type": "buy"}
{"amount": 0.01646168, "date": 1662334295, "price": 103500, "tid": 14167595, "type": "buy"}
{"amount": 9.293e-05, "date": 1662334295, "price": 103500, "tid": 14167596, "type": "buy"}
{"amount": 1e-05, "date": 1662334295, "price": 103500, "tid": 14167597, "type": "buy"}
{"amount": 0.015, "date": 1662334295, "price": 103500, "tid": 14167598, "type": "buy"}
{"amount": 1e-05, "date": 1662334306, "price": 103600, "tid": 14167599, "type": "buy"}
{"amount": 0.00169884, "date": 1662334306, "price": 103600, "tid": 14167600, "type": "buy"}
{"amount": 1e-05, "date": 1662334428, "price": 103700, "tid": 14167601, "type": "buy"}
{"amount": 1e-05, "date": 1662334428, "price": 103800, "tid": 14167602, "type": "buy"}
{"amount": 0.00014371, "date": 1662334450, "price": 103652.71378366, "tid": 14167603, "type": "sell"}
{"amount": 1e-05, "date": 1662334512, "price": 103900, "tid": 14167604, "type": "buy"}
{"amount": 0.00302678, "date": 1662334565, "price": 103738.84123758, "tid": 14167605, "type": "sell"}
{"amount": 0.00096187, "date": 1662334579, "price": 103964.09554992, "tid": 14167606, "type": "buy"}
{"amount": 9.619e-05, "date": 1662334597, "price": 103956.53445594, "tid": 14167607, "type": "buy"}
{"amount": 9.62e-06, "date": 1662334615, "price": 103948.24688, "tid": 14167608, "type": "buy"}
{"amount": 0.00039512, "date": 1662334708, "price": 103726.42093942, "tid": 14167609, "type": "sell"}
{"amount": 0.02166143, "date": 1662334738, "price": 103871.22970493, "tid": 14167610, "type": "buy"}
{"amount": 0.00192406, "date": 1662334766, "price": 103946.37527015, "tid": 14167611, "type": "buy"}
{"amount": 0.00177024, "date": 1662334791, "price": 103940.35942831, "tid": 14167612, "type": "buy"}
{"amount": 0.0061, "date": 1662334849, "price": 103948.24, "tid": 14167613, "type": "buy"}
{"amount": 0.00958311, "date": 1662334849, "price": 103979.34266462, "tid": 14167614, "type": "buy"}
{"amount": 5.424e-05, "date": 1662334932, "price": 103972.74925417, "tid": 14167615, "type": "buy"}
{"amount": 1.404e-05, "date": 1662334979, "price": 103984.05920777, "tid": 14167616, "type": "buy"}
{"amount": 0.00011334, "date": 1662334993, "price": 103838.3156, "tid": 14167617, "type": "sell"}
{"amount": 0.00012022, "date": 1662335119, "price": 103967.9496697, "tid": 14167618, "type": "buy"}
{"amount": 1.538e-05, "date": 1662335134, "price": 103979.27197741, "tid": 14167619, "type": "buy"}
{"amount": 4.809e-05, "date": 1662335184, "price": 103966.9455396, "tid": 14167620, "type": "buy"}
{"amount": 3.723e-05, "date": 1662335228, "price": 103946.69953, "tid": 14167621, "type": "buy"}
{"amount": 0.00090961, "date": 1662335275, "price": 103711.75025145, "tid": 14167622, "type": "sell"}
{"amount": 2.828e-05, "date": 1662335336, "price": 103932.66609747, "tid": 14167623, "type": "buy"}
{"amount": 1.924e-05, "date": 1662335347, "price": 103926.9063086, "tid": 14167624, "type": "buy"}
{"amount": 0.00096501, "date": 1662335389, "price": 103653.7304271, "tid": 14167625, "type": "sell"}
{"amount": 0.0004815, "date": 1662335426, "price": 103841.65406485, "tid": 14167626, "type": "buy"}
{"amount": 0.00368461, "date": 1662335606, "price": 103656.80611001, "tid": 14167627, "type": "sell"}
{"amount": 4.023e-05, "date": 1662335673, "price": 103617.7944, "tid": 14167628, "type": "sell"}
{"amount": 0.00154299, "date": 1662335679, "price": 103830.26553464, "tid": 14167629, "type": "buy"}
{"amount": 0.0019, "date": 1662335700, "price": 103820.6300814, "tid": 14167630, "type": "buy"}
{"amount": 0.00098959, "date": 1662335700, "price": 103820.63008141, "tid": 14167631, "type": "buy"}
{"amount": 0.00122821, "date": 1662335781, "price": 103665.24421, "tid": 14167632, "type": "sell"}
{"amount": 7.255e-05, "date": 1662335869, "price": 103925.88961, "tid": 14167633, "type": "buy"}
{"amount": 0.01154, "date": 1662335883, "price": 103722.69859684, "tid": 14167634, "type": "sell"}
{"amount": 0.00627038, "date": 1662335883, "price": 103721.05653, "tid": 14167635, "type": "sell"}
{"amount": 0.00125919, "date": 1662335899, "price": 103914.85502, "tid": 14167636, "type": "buy"}
{"amount": 0.00884485, "date": 1662335899, "price": 103919.30095542, "tid": 14167637, "type": "buy"}
{"amount": 1.924e-05, "date": 1662335956, "price": 103914.42596002, "tid": 14167638, "type": "buy"}
{"amount": 0.00606, "date": 1662336006, "price": 103726.88510094, "tid": 14167639, "type": "sell"}
{"amount": 0.02494, "date": 1662336006, "price": 103725.9029, "tid": 14167640, "type": "sell"}
{"amount": 0.00125919, "date": 1662336193, "price": 103970.93076, "tid": 14167641, "type": "buy"}
{"amount": 0.01464, "date": 1662336193, "price": 103971.5963214, "tid": 14167642, "type": "buy"}
{"amount": 0.01338081, "date": 1662336193, "price": 103989, "tid": 14167643, "type": "buy"}
{"amount": 0.0122, "date": 1662336199, "price": 103987.30838194, "tid": 14167644, "type": "buy"}
{"amount": 0.01708, "date": 1662336199, "price": 103987.36200672, "tid": 14167645, "type": "buy"}
{"amount": 0.00416, "date": 1662336201, "price": 103987.36200672, "tid": 14167646, "type": "buy"}
{"amount": 0.00626725, "date": 1662336201, "price": 103988.99999, "tid": 14167647, "type": "buy"}
{"amount": 0.00421448, "date": 1662336201, "price": 103989, "tid": 14167648, "type": "buy"}
{"amount": 0.00626725, "date": 1662336204, "price": 103987.28887, "tid": 14167649, "type": "buy"}
{"amount": 0.02301275, "date": 1662336204, "price": 103989, "tid": 14167650, "type": "buy"}
{"amount": 0.01464173, "date": 1662336206, "price": 103989, "tid": 14167651, "type": "buy"}
{"amount": 0.00626725, "date": 1662336209, "price": 103988.99999, "tid": 14167652, "type": "buy"}
{"amount": 0.02301275, "date": 1662336209, "price": 103989, "tid": 14167653, "type": "buy"}
{"amount": 0.01464173, "date": 1662336211, "price": 103989, "tid": 14167654, "type": "buy"}
{"amount": 0.00626725, "date": 1662336216, "price": 103988.99999, "tid": 14167655, "type": "buy"}
{"amount": 0.00837448, "date": 1662336216, "price": 103989, "tid": 14167656, "type": "buy"}
{"amount": 0.02928, "date": 1662336217, "price": 103989, "tid": 14167657, "type": "buy"}
{"amount": 0.00095113, "date": 1662336224, "price": 103988.99999, "tid": 14167658, "type": "buy"}
{"amount": 0.00531612, "date": 1662336226, "price": 103988.99999, "tid": 14167659, "type": "buy"}
{"amount": 0.00932561, "date": 1662336226, "price": 103989, "tid": 14167660, "type": "buy"}
{"amount": 0.00074796, "date": 1662336298, "price": 103851.41185404, "tid": 14167661, "type": "sell"}
{"amount": 0.0004809, "date": 1662336374, "price": 103969.93871678, "tid": 14167662, "type": "buy"}
{"amount": 0.0006111, "date": 1662336409, "price": 103788.71026, "tid": 14167663, "type": "sell"}
{"amount": 0.00017323, "date": 1662336425, "price": 103791.64503, "tid": 14167664, "type": "sell"}
{"amount": 2.112e-05, "date": 1662336432, "price": 103730.58, "tid": 14167665, "type": "sell"}
{"amount": 0.00674825, "date": 1662336493, "price": 103730.57, "tid": 14167666, "type": "sell"}
{"amount": 0.00013416, "date": 1662336681, "price": 103519.10301205, "tid": 14167667, "type": "sell"}
{"amount": 9.63e-06, "date": 1662336692, "price": 103770.17157875, "tid": 14167668, "type": "buy"}
{"amount": 0.010035, "date": 1662336732, "price": 103570.89507522, "tid": 14167669, "type": "sell"}
{"amount": 0.00018735, "date": 1662336732, "price": 103571.8523682, "tid": 14167670, "type": "sell"}
{"amount": 8.088e-05, "date": 1662336853, "price": 103777.8, "tid": 14167671, "type": "buy"}
{"amount": 0.00014904, "date": 1662336853, "price": 103836.32645224, "tid": 14167672, "type": "buy"}
{"amount": 0.00045609, "date": 1662336932, "price": 103860.77577413, "tid": 14167673, "type": "buy"}
{"amount": 9.632e-05, "date": 1662336953, "price": 103812.79048037, "tid": 14167674, "type": "buy"}
{"amount": 0.01161, "date": 1662336964, "price": 103480.68005267, "tid": 14167675, "type": "sell"}
{"amount": 0.00208021, "date": 1662336964, "price": 103479.3182, "tid": 14167676, "type": "sell"}
{"amount": 0.00096344, "date": 1662336985, "price": 103794.47024599, "tid": 14167677, "type": "buy"}
{"amount": 0.00052984, "date": 1662337014, "price": 103511.35062686, "tid": 14167678, "type": "sell"}
{"amount": 8.312e-05, "date": 1662337045, "price": 103814.65214694, "tid": 14167679, "type": "buy"}
{"amount": 0.009, "date": 1662337130, "price": 103418.70800001, "tid": 14167680, "type": "sell"}
{"amount": 0.00551914, "date": 1662337130, "price": 103418.708, "tid": 14167681, "type": "sell"}
{"amount": 0.00023746, "date": 1662337133, "price": 103418.71801, "tid": 14167682, "type": "sell"}
